2942 4875
205 291 271 412 48

550 279 651 414 De
671 287 874 458 primo
898 283 966 410 V
955 288 1209 420 alumine
1330 446 1333 458 Ι

341 581 566 682 =habeant
601 586 834 706 Veneres,
902 585 1053 706 nativa
1110 581 1400 718 simplicitate

371 721 797 822 commendatiores.
869 726 1033 857 Siquis
1068 757 1135 843 ea,
1172 749 1399 856 tanquam

369 861 562 960 levicula
610 873 654 966 δι
697 861 958 997 rejectanea,
1001 863 1190 996 sugillet,
1224 866 1398 960 memi-

368 1004 484 1098 nerit
507 999 595 1123 ille,
645 1038 868 1132 magnum
904 1002 1005 1133 jam
1045 1003 1223 1134 pridem
1247 1007 1407 1099 Cam·

368 1142 543 1238 denuin
583 1176 678 1239 non
717 1141 845 1240 aliter
867 1143 1154 1240 Britanniam
1187 1140 1394 1238 suame-

368 1278 541 1514 didisse,
585 1317 724 1442 quarn
760 1305 814 1375 ut
838 1274 1103 1376 limatiffimi
1133 1284 1275 1412 operis
1300 1282 1396 1377 Re-

368 1421 528 1553 siquiar
549 1422 686 1517 etiam
728 1456 823 1517 non
856 1413 1227 1515 contemnendas
1242 1415 1393 1555 poste-

367 1562 488 1656 ritati
529 1556 825 1656 transmiserit
916 1563 977 1654 Ut
1016 1559 1141 1654 enirn
1185 1559 1233 1653 in
1275 1593 1393 1655 auro

368 1694 627 1814 formando,
671 1696 915 1830 gemmisve
929 1693 1227 1828 expoliendis,
1267 1694 1392 1794 scobs

368 1835 413 1938 δὲ
452 1834 735 1969 praesegmina
777 1835 972 1970 pretium
1012 1831 1174 1952 serunt,
1212 1837 1297 1932 'ita
1324 1845 1391 1932 ²&

367 1970 445 2074 hic
467 1970 548 2076 fit:
591 2011 757 2108 ,neque
801 1972 930 2076 facile
972 1977 1070 2106 quis
1109 1996 1237 2069 tanto
1277 2010 1389 2070 curn

367 2111 543 2210 desediu
577 2111 809 2210 historiam
841 2111 1107 2229 condiderit,
1163 2115 1275 2244 quin
1301 2114 1388 2210 ‘su-

366 2247 502 2386 perfit
549 2252 717 2386 aliquid
765 2256 880 2350 inter
923 2250 1175 2384 quisquilias
1221 2262 1266 2350 &
1310 2289 1387 2349 ru-

357 2390 516 2515 dero,
510 2392 657 2554 quod¹
695 2393 939 2491 Ledorum
983 2387 1099 2507 sorte
1116 2426 1213 2487 non
1248 2427 1400 2536 nemo

363 2536 1266 2679 praeoptaverit.Q1anquamautem,
1336 2526 1386 2628 in

198 2710 202 2723 ¹
364 2670 723 2767 evolvendist
648 2708 704 2767 ex
706 2695 904 2765 tororum
942 2667 1145 2786 historiis,
1189 2668 1253 2766 nil
1299 2666 1384 2769 nis1

361 2816 605 2943 Reges,&
635 2784 804 2945 proelia,
840 2818 884 2907 &
922 2803 1228 2937 augustissima
1263 2846 1385 2941 quae·

362 2981 453 3079 que
477 2946 787 3081 deposcimuse
849 2948 906 3043 de
930 2950 1087 3043 Patria
1122 2973 1276 3044 tamen
1301 2986 1383 3044 ne·
1461 2943 1462 2958 Ν

362 3084 453 3183 scio
477 3122 574 3217 quae
609 3124 689 3185 nos
725 3087 868 3217 tangit
897 3088 1107 3181 curiosior
1142 3086 1308 3183 sciendi
1330 3086 1384 3184 li

363 3217 501 3322 bido·
487 3299 503 3343 ,
572 3224 759 3360 ipsaeque
810 3260 959 3321 rerum
1006 3228 1213 3321 Minutiae
1265 3227 1381 3325 adeo

363 3398 458 3461 non
506 3360 682 3465 fastidio
727 3364 856 3481 sunt,
881 3391 932 3459 ut
977 3362 1140 3494 saepe
1128 3400 1176 3461 1n
1212 3360 1380 3461 deliciis

362 3498 625 3602 habeantur.
698 3500 976 3605 Humanum
1000 3505 1163 3663 nempe
1187 3502 1274 3598 hoc
1298 3501 1379 3620 est,

209 3680 212 3685 “
361 3667 435 3739 Ut
459 3679 571 3774 aegl'e
612 3669 839 3781 patlamul'
882 3678 987 3737 nos
983 3647 1250 3776 qUicqslam
1295 3679 1378 3740 HC·

360 3778 470 3877 scire
506 3783 637 3878 de
609 3822 659 3881 us
658 3820 780 3925 quae
819 3811 1037 3877 amemus:
1104 3790 1215 3941 Qro
1236 3786 1377 3911 magis

359 3912 426 4017 fas
470 3918 549 4043 est,
605 3947 657 4023 ut
701 3929 905 4019 Ledores
945 3915 1025 4018 srbi
1066 3955 1159 4018 non
1202 3922 1377 4051 iniquos

357 4056 622 4191 polliceatur
662 4061 737 4163 hic
772 4059 923 4161 liber.
981 4066 1084 4173 Nec
1123 4062 1261 4297 enirnfi
1271 4066 1377 4155 Pra-

1262 4233 1376 4297 num
