2942 4875
214 241 262 294 rrr
284 220 475 290 Pnnrrrr
507 243 751 320 recnfnonro
773 231 895 299 ‘rnnr
921 250 1072 306 eninr.

235 403 239 410 .
368 361 421 419 Ar'l
791 394 794 411 ·

147 427 180 492 Ρ.
196 452 263 512 3²0·
276 437 295 497 l.
309 441 355 498 28.
378 439 403 496 T
400 439 521 515 ilerden]
545 440 591 500 Sic
604 439 633 498 in
645 435 719 498 Cod.
732 439 835 508 nolito,
847 459 912 499 eom
925 441 975 500 Art
984 438 1065 519 supra
1076 435 1128 501 lio.

105 514 224 590 perinde
240 534 273 575 ac
287 517 306 575 sr
321 519 441 579 Ailredus
453 537 520 578 vera
531 520 595 578 eliet
607 518 700 596 letlio.
728 517 782 577 Sed
797 519 916 580 ‘Iilrrdus
930 520 1128 587 tantummodo

105 593 182 670 apud
197 591 382 655 Gudwinum.

99 763 102 770 '
145 711 284 788 P‘3²²'l'
298 731 340 794 ¹5·
396 675 550 816 giezitas
585 700 745 816 Gebmundos
754 755 949 816 tantummodo
961 756 1036 836 apud
1045 757 1129 818 God-

103 828 223 890 winum.
254 833 336 892 Adeo
347 849 378 894 ut
389 833 541 895 Sebmandur
555 853 606 910 pro
619 835 697 893 varia
709 836 826 894 ledlione
836 835 934 894 haberi
947 837 1057 897 debeat.

146 911 178 970 P.
189 919 259 989 325.
273 911 292 970 l.
307 932 352 992 33.
377 912 526 992 DeUlmo.]
547 913 741 994 subintellige,
761 919 881 975 condidit.

99 996 103 1006 '
146 989 177 1049 P.
198 989 355 1069 326.1.13.
377 1011 419 1070 ¹3·
434 991 509 1070 Col]
532 991 692 1052 sicinMS.
709 994 764 1051 fine
782 993 885 1050 Menfis
898 991 1018 1054 nomine.
1061 995 1127 1060 Neo

102 1069 237 1128 meminit
251 1069 377 1137 stuvene,
398 1075 445 1149 qui
457 1079 482 1130 δι
497 1071 554 1150 ipse
566 1085 660 1130 tamen
674 1074 749 1130 hunc
763 1073 881 1131 imbrem
892 1073 909 1130 ὲ
922 1073 1129 1156 Tinemutben·

101 1145 180 1205 sobna
192 1149 349 1208 Annalibus
363 1153 535 1210 memoravit.

143 1221 175 1286 Ρ.
190 1245 256 1304 332.
273 1229 292 1289 l.
305 1247 349 1304 34.
367 1228 636 1310 Qaetamenprfiea]
655 1229 761 1300 Potius,
774 1253 837 1310 quar
848 1237 1032 1311 tarnenpostea.
1049 1231 1124 1303 ibid,

103 1347 113 1364 .
139 1323 189 1380 40.
215 1309 360 1387 Offinsum]
383 1309 484 1367 Malim
498 1313 625 1388 fferscrm.
1075 1383 1078 1388 1

101 1385 105 1390 ’
144 1385 176 1445 l’.
193 1403 257 1462 34¹·
271 1387 288 1448 l.
306 1391 352 1448 28.
377 1391 463 1446 Simon
477 1387 627 1463 Sidenbam]
656 1388 709 1447 Vir
725 1400 785 1446 erat
804 1386 878 1447 saera
892 1389 982 1448 infula
1004 1391 1123 1454 omuino

1206 248 1272 348 aad

102 1460 208 1542 dignus
233 1470 361 1542 quamvis
387 1487 472 1545 parce
497 1467 649 1526 admodum
673 1466 755 1525 daeo
776 1467 885 1526 locutus
908 1469 1122 1545 srtGod‘winuo.
1221 1521 1223 1527 .

100 1541 196 1602 Filius
219 1543 353 1604 secundus
366 1562 425 1605 erat
443 1543 577 1605 Richardi
602 1545 773 1624 Sydenhami
800 1549 892 1622 (unius
905 1549 1125 1627 judiciariorum

103 1619 143 1679 de
156 1623 368 1702 BancovRegiol
390 1624 520 1684 Ecclesrae
533 1627 569 1684 de
583 1627 679 1700 Fenny
694 1627 793 1683 Sutton
807 1627 836 1683 in
844 1646 920 1704 ¹agro
935 1627 1119 1686 Wiltonie'ulr

104 1700 220 1769 Retlor,
246 1703 375 1762 Ecclesrae
386 1705 466 1763 Catb.
480 1705 640 1763 Exouiensrs
656 1703 801 1772 Decorus,
815 1707 956 1782 Agrorum
972 1707 1122 1767 Sarisburi-

103 1779 176 1838 ensis
187 1787 213 1840 δι
224 1783 420 1842 Rercheriensrs
436 1783 666 1847 Archidiaconus‚
682 1781 810 1840 Ecclesrae
820 1785 903 1843 Cath.
917 1785 1125 1846 sarisburiensis

104 1858 237 1929 decanus,
255 1859 418 1940 legatusque
430 1861 466 1919 ad
481 1863 643 1920 Germaniae
659 1860 857 1938 Imperatorem
870 1864 907 1921 ab
923 1865 1035 1940 Angliae
1044 1863 1125 1946 Rege

103 1937 208 1996 missus.
249 1940 283 1997 ln
298 1944 427 1999 omnibus
439 1942 598 1999 muneribus
616 1939 718 2018 quibus
732 1940 901 2020 fungebatur
914 1942 1067 2002 fideliter&
1081 1947 1123 2003 la-

103 2018 215 2093 pienter
233 2021 301 2096 egit,
324 2019 467 2098 pietasque
490 2020 585 2097 plane,
609 2019 729 2080 eruditio
750 2039 782 2078 ac
802 2020 940 2096 judicium
959 2022 995 2080 ad
1014 2015 1123 2100 episco'-

101 2093 197 2174 palem
213 2095 378 2174 dignitatem
398 2114 605 2178 promoverunt.
661 2098 718 2156 Sed
740 2097 777 2156 de
798 2099 960 2158 illoretliua
980 2101 1121 2177 judicabis

103 2193 141 2232 ex
155 2175 254 2233 ultimo
279 2177 361 2255 ipsius
383 2180 556 2248 testamento,
584 2177 659 2255 quod
682 2175 699 2234 ὲ
717 2177 819 2236 chartis
840 2180 924 2239 MSS.
950 2196 1020 2261 quaa
1037 2179 1055 2239 ai
1074 2183 1113 2242 D.
1146 2268 1148 2272 λ

101 2251 263 2314 Parmeno
280 2257 489 2316 Svnrnnnno
502 2257 652 2320 Baronettu
666 2259 762 2334 accepi
774 2255 935 2317 describam.

144 2341 163 2369 ‘⁴
178 2335 213 2392 In
224 2333 280 2394 Dei
293 2337 407 2394 nomine
417 2341 517 2395 Arnen.
543 2335 706 2393 Undecimo
716 2335 762 2393 die
776 2336 875 2394 mensio
886 2337 1013 2414 Jauuarii
1023 2339 1062 2399 Α.
1076 2340 1113 2410 Ι),

102 2418 226 2491 “1437.
269 2413 332 2493 Ego
347 2416 443 2473 Simon
457 2415 621 2499 ¹Sydenlnam
636 2407 807 2473 Cieellrenfio
821 2416 976 2495 episcopua,
1001 2438 1119 2496 compos
1218 2434 1222 2445 '

102 2500 124 2529 ‘¹
140 2494 242 2552 mentis
258 2512 337 2563 meae,
361 2494 455 2553 animo
469 2494 624 2553 deliberato
635 2494 727 2552 condo
747 2496 957 2554 Testamentum
978 2516 1073 2559 meum
1088 2502 1118 2558 in

99 2568 122 2609 '⁴‘
136 2572 213 2632 hunc
239 2571 363 2633 modum.
407 2574 548 2653 imprimit
562 2573 624 2650 lego
645 2572 768 2631 animam
790 2592 882 2631 meam
900 2575 966 2633 Deo
976 2578 1118 2655 Omnipo.

100 2656 123 2727 ,¹⁸
137 2652 220 2720 tenti,
245 2654 399 2729 corpusque
412 2672 506 2711 meum
521 2652 601 2710 sacrae
615 2651 760 2723 sepulturae
773 2652 803 2708 in
816 2653 932 2711 ecclesia
944 2673 1008 2712 mea
1021 2660 1117 2716 cathe-

100 2736 122 2764 '‘
137 2729 210 2788 drali
223 2732 380 2791 Cicestrensr
394 2752 487 2791 curam
508 2729 614 2789 summo
628 2729 706 2787 altari
720 2732 757 2789 ad
770 2729 917 2809 sepeliend.
968 2732 1037 2794 item
1052 2736 1119 2815 lego

99 2815 123 2845 ⁸⁸
136 2809 229 2867 eidem
243 2811 364 2869 eeclefiae
387 2812 497 2869 Cicessr.
515 2810 624 2887 viginta
639 2828 747 2870 marcas
770 2828 821 2887 pro
838 2830 899 2868 *una
913 2810 979 2871 alba
1000 2833 1072 2892 capa
1083 2836 1114 2873 e-

99 2894 123 2923 “
138 2888 249 2950 menda.
283 2891 355 2949 item
370 2890 433 2969 lego
447 2889 592 2966 praenobili
606 2888 731 2947 Domino
745 2888 871 2947 Domino
881 2888 1018 2949 Gualteru
1031 2895 1122 2954 Hun-v

100 2968 252 3045 “getiord
279 2988 366 3041 unum
391 2968 506 3045 ciphum
527 2966 691 3025 deauratum
718 2986 782 3026 conr
797 2970 972 3045 coopertorio
989 2970 1113 3046 ejusdem

99 3054 121 3080 “
136 3066 221 3124 quern
234 3048 321 3105 habui
343 3044 360 3104 a
375 3046 500 3105 Domino
513 3044 694 3125 Imperatore.
735 3048 810 3104 Item
826 3049 892 3125 lego
914 3048 1037 3123 Johanni
1057 3052 1115 3127 [Sy.

99 3132 121 3163 ⁴‘
135 3126 257 3185 denham
271 3125 475 3204 consanguineo
499 3144 560 3183 meo
576 3126 682 3183 Seniori
696 3124 805 3205 viginta
825 3146 929 3185 marcar
951 3148 1020 3206 quar
1038 3128 1118 3199 aime¹
1141 3157 1143 3161 ·

100 3210 122 3241 “
136 3224 174 3262 ex
183 3220 281 3262 mutuo
296 3209 409 3280 recepit,
433 3224 495 3262 cum
511 3222 566 3262 una
578 3204 636 3261 olla
655 3209 824 3283 argentea&
840 3225 894 3265 uno
905 3207 997 3283 ciplro.
1029 3211 1114 3270 ¹Item

99 3282 202 3361 “lego
219 3284 340 3342 Thumae
358 3284 471 3341 Bratton
488 3302 571 3343 unam
592 3282 678 3339 ullam
694 3297 855 3361 argenteam
873 3303 937 3343 cum
959 3304 1015 3345 uno
1028 3288 1114 3365 cipho

98 3370 120 3399 “
135 3376 279 3439 argenteo.
311 3364 381 3420 Item
401 3362 466 3440 lego
480 3364 614 3434 Johannae
634 3360 748 3419 Bratton
764 3360 851 3420 sorori
867 3383 937 3421 meae
949 3368 1114 3439 mantellum

101 3448 121 3478 ‘⁶
135 3460 230 3499 meum
249 3440 284 3499 de
304 3441 408 3498 Scarlet
424 3460 478 3497 una
498 3460 562 3498 cum
577 3440 686 3497 furrura
699 3445 724 3497 dr
738 3441 848 3518 capitio
865 3442 994 3514 eiusdem.
1039 3446 1114 3512 Item

100 3528 123 3556 “
134 3518 201 3597 lego
210 3519 339 3599 magistro
349 3516 507 3597 Reginaldo
517 3518 680 3577 llKeu'trvell
690 3518 795 3577 decano
805 3522 925 3579 eeclesiae
936 3524 1112 3583 Catbedralis

98 3606 120 3637 ⁴⁸
136 3600 231 3661 sanni
246 3599 326 3657 Pauli
339 3598 459 3657 Londoo
477 3596 644 3657 aeecclesiae
658 3617 726 3655 meae
740 3598 823 3657 Carh.
841 3600 1013 3659 cicestrensis
1024 3622 1112 3663 cano·

100 3685 121 3715 ⁶⁸
135 3678 201 3734 nico
225 3698 312 3735 unum
331 3676 445 3753 ciphnnr
459 3676 622 3735 deauratum
644 3694 707 3733 com
729 3678 914 3753 coopertorio.
955 3681 1026 3738 Item
1046 3684 1113 3761 lego

100 3766 122 3793 ‘¹
138 3758 268 3833 magistro
292 3756 355 3831 Joh.
383 3754 500 3813 Morton
513 3755 578 3814 diet.
603 3754 723 3813 ecclesrae
746 3774 816 3812 meae
828 3757 995 3815 cancellario
1015 3780 1110 3819 meum

99 3841 120 3872 “
134 3834 298 3893 Pontificaie
310 3841 336 3893 δι
350 3833 492 3892 Manuale.
534 3836 606 3891 Item
620 3832 684 3911 lego
709 3834 835 3892 Domino
856 3836 1009 3895 Wilbelmo
1022 3842 1113 3897 Rowo

97 3914 273 3973 “canonico
291 3912 410 3973 ecclelia
426 3933 494 3971 meae
508 3914 626 3971 Cathed.
644 3912 767 3989 praeditl.
784 3915 852 3971 duas
867 3934 966 3990 parvas
980 3916 1050 3974 ollae
1066 3936 1113 3974 ar·

96 3998 119 4028 ‘⁸
136 4006 260 4070 genteas.
298 3992 372 4051 Item
386 3992 450 4070 lego
460 3991 584 4052 Roberto
600 3990 755 4049 Halsbbett
773 3991 977 4069 consanguineo
990 4013 1055 4053 meo
1066 3996 1115 4056 de·

97 4070 119 4144 ‘J
134 4089 196 4131 cern
211 4090 329 4139 marcas,
368 4064 514 4197 1(εωίἰῖςὲ
523 4067 645 4199 loisanrni
659 4070 816 4195 diialsbbett
828 4072 1034 4153 consanguineo
1049 4086 1114 4154 meo

480 4162 541 4207 nra,
583 4164 657 4199 enovv
673 4164 693 4199 t.

1021 4224 1041 4297 ‘f
1054 4219 1116 4323 αξ·
1182 4294 1186 4299 ,
