2942 4875
229 268 277 317 tte
299 252 491 317 Panassa
514 251 699 316 Pntntam
722 250 843 316 Tomt
869 270 1014 324 untur.

106 389 132 421 κ
146 400 316 461 quocunque
327 379 462 460 generoso
475 378 591 437 homine
605 377 640 435 ad
650 377 867 439 inhabitandum
880 402 887 438 :
909 382 1069 464 intelligant
1081 408 1134 465 pro

105 470 131 499 “
147 474 236 533 certo,
256 479 441 541 psoveroque
458 457 513 517 suis
533 472 677 534 reportent
699 460 803 517 nedum
817 462 939 539 polletis,
961 468 1028 541 quin
1041 470 1134 529 eciam

104 550 129 580 ‘⁴
144 540 273 600 universo
286 541 394 618 populo
405 538 574 606 Christiano,
583 538 741 612 ,quomodo
754 538 797 595 vir
811 541 925 617 quidam
940 546 1020 619 probi
1035 550 1132 619 moris,

104 628 129 657 ‘⁴
145 619 192 677 sed
207 620 345 699 probioris
356 619 492 699 prosapiae
510 617 622 675 nomine
642 617 732 695 Hugo
756 618 875 676 Bostoek
888 622 995 681 dudum
1017 643 1132 703 propter

102 706 128 737 “
144 715 233 759 certas
254 703 350 761 causas
361 718 427 757 eum
440 711 586 757 moventes
605 692 770 754 acuminata
793 697 905 757 Cestriae
925 703 1081 779 egrediens,
1102 714 1130 766 dr

102 789 126 819 «e
142 782 203 857 post
215 780 303 859 longa
313 800 347 837 ac
360 778 438 837 varia
450 776 552 835 itinera
574 774 610 831 ad
630 775 726 835 villam
750 774 786 833 de
811 778 1036 841 Whethamslede
1055 786 1129 845 insra
1186 850 1189 856 ,

101 868 128 896 “
143 857 309 917 comitatum
323 856 461 917 Hertford
479 852 655 934 perveniens,
675 855 784 931 placuit
795 854 901 915 ibidem
916 858 965 917 sibi
979 862 1064 941 ligere
1077 866 1130 923 ha-

101 947 127 980 “
140 936 293 997 hitacionis
307 938 480 1005 anchoram„
494 955 527 993 ae
547 931 622 991 insta
641 934 805 1012 parochiam
821 936 926 997 villulae
939 941 1014 998 illius
1024 942 1130 1023 eligere

69 1008 71 1011 Α
99 1016 193 1075 “fibi
213 1018 400 1077 habitacionis
423 1034 545 1075 motam.
586 1015 748 1071 Ancboram
764 1014 850 1092 igitur
867 1015 907 1074 ibi
928 1018 1025 1097 figens,
1046 1030 1071 1080 δι
1086 1024 1130 1082 lo.

98 1110 123 1138 ⁶⁸
139 1114 204 1153 cum
215 1097 401 1155 habitacionis
415 1096 465 1154 fibi
481 1095 598 1171 eligens,
619 1094 707 1151 sadlus
717 1094 756 1151 est
769 1093 844 1151 iusta
857 1115 961 1173 paucos
975 1101 1034 1159 dies
1047 1102 1129 1163 sa'mi·

98 1188 123 1216 ‘⁴
140 1175 218 1235 liaris
235 1178 343 1245 multis,
363 1196 421 1254 prae
433 1175 531 1235 ceteris
550 1188 644 1230 tamen
655 1173 822 1231 familiarior
834 1175 948 1235 cuidam
962 1181 1023 1238 viro
1038 1181 1127 1244 solido
1177 1178 1179 1187 ’

98 1268 125 1297 “
137 1259 165 1313 de
179 1271 289 1315 maturo
300 1256 416 1315 nomine
433 1255 558 1311 Thomae
578 1250 728 1326 Makarey,
749 1253 825 1311 &ita
845 1254 959 1315 demum
974 1259 1070 1319 sicsrbi
1084 1264 1127 1323 sa.
1190 1310 1193 1316 .

97 1347 123 1375 “
137 1336 255 1394 miliatis
275 1351 306 1394 ut
329 1334 415 1395 liliam
428 1333 488 1412 ejus
501 1333 637 1391 seniorem
651 1332 767 1389 nomine
781 1332 980 1412 Margaretam,
1001 1346 1027 1399 dc
1042 1341 1125 1419 ipfiue

96 1427 122 1455 “
136 1417 262 1475 Thomae
274 1415 412 1485 heredem,
427 1415 582 1473 iuniorem
595 1424 712 1489 peteret,
725 1412 943 1493 impettaretque
954 1420 1125 1497 peticionem

96 1507 122 1536 “
138 1514 172 1553 ac
183 1495 270 1573 ipsam
282 1494 333 1551 sibi
346 1497 375 1553 in
389 1491 563 1553 connubium
575 1490 730 1569 copularet.
770 1492 911 1569 Copulata
922 1495 1057 1575 siquidem
1072 1502 1124 1561 sibi

96 1587 122 1615 “
135 1572 208 1652 ipsa,
228 1579 254 1631 δι
266 1576 296 1633 in
308 1592 422 1633 uxorem
435 1569 533 1639 dueta,
553 1571 650 1650 genuit
658 1588 694 1627 ex
706 1588 742 1629 ea
754 1572 884 1648 posterius
900 1575 970 1633 filios
983 1580 1074 1637 varios
1088 1602 1122 1641 ac

96 1666 120 1696 ‘⁶
134 1654 225 1712 eciam
236 1652 316 1712 silias.
357 1654 433 1713 Inter
442 1669 514 1729 quos
526 1650 598 1709 filios
610 1649 707 1729 genuit
717 1670 803 1709 unum
821 1655 935 1711 nomine
949 1656 1122 1732 Johanne‘m,

92 1745 119 1773 ⁸⁶
134 1752 232 1812 quem,
245 1748 276 1791 ut
285 1732 588 1811 corespondentercusn
598 1730 712 1787 nomine
725 1731 819 1807 gracia
829 1731 962 1792 cresceret
972 1742 996 1793 dc
1008 1739 1120 1809 virtute,

93 1826 118 1856 ⁴⁸
133 1812 226 1893 posuit
235 1813 324 1871 statim
335 1812 371 1871 ad
385 1810 473 1871 scolas
484 1824 513 1869 ut
523 1808 679 1887 attingebat
691 1810 727 1867 ad
739 1830 827 1868 annos
840 1811 956 1881 dociles,
971 1818 1050 1877 &sbi
1058 1820 1118 1878 sco-

91 1904 117 1932 “
131 1892 270 1953 latizandi
280 1892 559 1969 supervenittempus.
580 1889 685 1948 Positus
695 1908 763 1947 vero
775 1890 809 1947 ad
819 1887 916 1959 scolas,
926 1899 951 1950 de
961 1895 1119 1971 inscolalli·

91 1984 117 2013 ‘⁴
132 1974 173 2035 cis
184 1971 295 2051 egregie
305 1972 425 2031 multum
435 1970 593 2040 proficiens,
602 1968 690 2027 saslus
701 1969 738 2027 esi
750 1972 841 2045 primo
850 1976 1003 2031 monachus
1015 1978 1044 2033 in
1057 1998 1117 2038 mo-

91 2062 116 2093 “
131 2053 250 2113 nasterio
259 2040 294 2109 de
305 2053 408 2110 Sandlo
417 2049 541 2108 hlbano.
555 2047 667 2109 Deinde
676 2049 800 2125 processu
811 2052 943 2127 temporis
955 2054 1116 2135 obinsignes

1220 284 1283 367 ²³⁹

90 2142 116 2172 ⁶⁴
129 2135 191 2211 ejus
203 2130 318 2189 virtutes
328 2130 405 2208 prior
415 2130 537 2188 ecclesiae
549 2129 634 2187 illius.
654 2128 759 2189 deinde
771 2146 838 2186 vero
852 2130 916 2187 loco
927 2136 1014 2192 tercio
1025 2140 1117 2213 pallor
1207 2142 1210 2153 '

91 2210 253 2285 “superior
267 2211 400 2271 &abban
411 2210 575 2268 &'caulam
590 2227 721 2266 unacum
735 2228 821 2286 grege
834 2209 863 2265 in
876 2208 1115 2287 gubernacionem

88 2303 115 2331 ‘¹
128 2291 289 2368 suspiciens,
309 2290 428 2349 multum
441 2289 604 2366 regulariter
614 2306 647 2357 ac
659 2287 749 2345 eriam
763 2288 892 2366 religiose
905 2308 955 2365 per
969 2312 1055 2353 annos
1070 2301 1114 2356 vi-

87 2382 114 2410 “
127 2371 201 2454 ginti
216 2375 244 2428 δι
264 2362 337 2429 ultra
348 2388 412 2429 eam
436 2369 539 2447 legitur
553 2366 724 2445 gubernasse.
744 2416 748 2429 ,
767 2366 923 2444 Completis
941 2390 1009 2431 vero
1031 2383 1112 2440 annis

90 2463 113 2491 ‘⁴
128 2453 222 2519 dietis,
240 2455 267 2509 dc
289 2451 400 2510 interim
415 2469 463 2528 per
487 2451 611 2526 graciam
635 2446 682 2504 dei
702 2447 902 2525 omnipotentis
921 2449 1001 2510 rebus
1016 2459 1111 2518 multis

89 2540 113 2570 ‘⁴
129 2534 252 2592 multum
264 2530 443 2590 laudabiliter
456 2547 506 2606 per
518 2527 606 2604 ipsum
620 2527 711 2604 gestis,
731 2528 817 2604 coepit
828 2528 900 2586 inter
912 2529 981 2589 alios
996 2531 1056 2591 suos
1071 2537 1113 2596 se.

86 2621 111 2650 “
124 2611 264 2673 creciores
277 2612 417 2688 cogitatus
434 2609 549 2667 statuere
562 2607 654 2683 primo
665 2620 730 2664 ante
750 2607 813 2666 suos
827 2608 941 2668 occulos
955 2631 1039 2689 quam
1053 2614 1112 2676 fra.

88 2701 111 2728 ‘⁴
125 2692 191 2771 gilis
201 2696 226 2748 de
242 2690 375 2748 instabilis
394 2687 466 2747 soret
479 2686 598 2745 mundus
612 2687 659 2744 isle
673 2686 818 2754 fluxibilis,
838 2687 1017 2768 qualiterque
1028 2695 1110 2755 adin.

86 2779 108 2806 ‘¹
124 2775 178 2831 star
191 2769 275 2828 maris
286 2769 398 2830 alterius
412 2767 495 2827 tantis
505 2763 682 2823 habundaret
691 2785 819 2826 curarum
834 2767 1109 2852 sollicitudinumque

86 2850 270 2930 “reptilibus
296 2853 372 2924 quod
388 2847 510 2926 ipsorum
534 2864 665 2901 numerus
690 2846 849 2926 incognitus
871 2850 988 2908 omnino
1006 2853 1110 2914 esset&

87 2936 109 2964 ‘⁴
125 2932 258 2990 incertus.
297 2929 426 2987 Secundo
440 2945 525 3002 quam
539 2924 629 2982 multa
642 2929 667 2976 dc
683 2928 779 3004 ampla
798 2927 941 2985 commissa
954 2929 1004 2986 sibi
1018 2932 1108 2993 suerat

86 3015 107 3044 “
123 3011 211 3067 mellis
225 3006 378 3076 dominica,
398 3015 659 3084 quamque‘parvos
679 3012 705 3064 de
719 3025 820 3083 paucos
833 3005 954 3065 habebat
968 3009 1017 3066 snb
1034 3011 1062 3069 se
1074 3033 1107 3072 o·

86 3097 109 3123 ⁴⁴
124 3090 249 3167 peratios
263 3088 299 3146 ad
312 3086 481 3146 mittendum
499 3085 527 3141 in
545 3082 656 3140 messem
670 3105 723 3162 pro
747 3087 807 3144 utili
827 3087 1028 3163 necessariaque
1041 3095 1103 3150 cul.

86 3173 108 3202 “
123 3182 187 3226 tura
200 3168 294 3245 ipsius.
336 3166 442 3225 Tercio
456 3182 522 3221 vero
546 3181 631 3238 quam
647 3161 753 3242 fragilis
775 3170 799 3224 dr
815 3164 876 3222 flori
890 3165 985 3224 similis
999 3168 1032 3228 sit
1047 3173 1106 3230 vita

86 3254 107 3282 “
121 3248 256 3313 bominis,
270 3265 413 3324 quamque
425 3244 524 3322 plenus
537 3242 628 3300 suerat
639 3241 698 3316 ipse
710 3243 871 3302 morborum
884 3244 1064 3322 languoribus
1075 3253 1105 3311 in

86 3332 106 3359 ‘¹
120 3326 308 3404 suocorpore,
329 3329 378 3402 qui
397 3327 511 3383 racione
533 3323 624 3378 anxiae
647 3320 839 3382 sollicitudinis
857 3323 1017 3384 crescebant
1033 3349 1106 3405 quo·

85 3411 105 3439 ‘⁴
121 3406 240 3464 tidiede
262 3408 341 3484 gravi
354 3408 384 3462 in
405 3404 529 3483 gravius,
558 3398 765 3480 causabantque
786 3404 814 3460 in
836 3403 883 3460 suo
907 3423 1024 3481 corpore
1045 3429 1103 3469 non
1152 3469 1157 3474 ,

85 3492 105 3519 “
118 3505 239 3562 parvam
259 3483 433 3542 debilitatem
459 3487 484 3539 dr
514 3477 654 3538 defectum
683 3482 871 3560 multiphariae
891 3487 1103 3547 attenuacionis.

85 3571 104 3598 “
118 3565 236 3622 Statntis
250 3566 347 3641 utique
364 3566 419 3622 hiis
431 3562 519 3620 tribus
538 3572 602 3614 ante
618 3563 718 3620 mentis
737 3563 860 3630 occulos,
880 3565 1060 3643 quotidieque
1074 3570 1104 3628 in
1166 3567 1168 3581 ¹

82 3645 104 3676 ‘⁴
118 3645 216 3702 aninlo
237 3645 316 3721 quast
344 3644 373 3700 in
400 3644 488 3701 altero
506 3638 619 3717 speculo
644 3642 705 3698 visis
722 3643 822 3698 clarius
843 3651 868 3698 de
890 3643 999 3717 plenius
1019 3647 1103 3704 intel·

84 3728 104 3755 “
117 3723 208 3790 ledlis,
228 3722 392 3781 deliberavit
410 3723 502 3781 secum
524 3718 644 3786 diucius,
671 3721 843 3798 tandemque
858 3723 917 3798 poll
935 3724 996 3780 dies'
1008 3731 1101 3785 varios

83 3810 102 3835 “
116 3803 143 3860 se
157 3802 346 3860 determinans
359 3801 493 3860 conclusit
506 3798 636 3866 finaliter,
659 3805 732 3875 apud
748 3799 775 3856 se
798 3802 889 3857 utilius
903 3801 950 3859 sibi
964 3803 1024 3863 sure
1038 3815 1100 3863 ma-

82 3886 102 3911 “
117 3881 217 3958 gisqoe
225 3881 376 3956 expediens
390 3879 550 3940 naviculam
563 3876 603 3933 sui
623 3880 766 3958 regiminis
782 3879 917 3956 perviam
933 3882 1102 3958 resignacio.

82 3965 102 3994 ‘⁴
115 3964 158 4016 nis
173 3963 203 4016 in
223 3977 335 4036 portum
349 3960 506 4037 tranquillae
520 3955 648 4014 stacionis
673 3960 814 4024 inducere,
839 3979 923 4034 quam
943 3960 1099 4022 diuturnius

83 4045 103 4070 “
116 4039 293 4097 committere
306 4062 369 4098 earn
382 4059 508 4097 curatum
522 4035 660 4098 fluctibns,
681 4037 863 4115 quotidieque
878 4040 1014 4115 naufragii
1026 4044 1100 4116 peri-

83 4124 101 4149 “
115 4121 180 4174 cula
193 4119 357 4177 formidare.
397 4119 531 4196 Cogitans
546 4114 630 4189 igitur
644 4123 668 4176 δι
683 4116 828 4175 consulens
849 4116 884 4174 de
898 4120 949 4176 viis
962 4125 987 4176 dr
999 4122 1099 4178 mediis

81 4202 102 4268 ξ’
122 4195 281 4274 hujusmodi
292 4200 477 4270 inductionis,
501 4195 618 4262 misitad
629 4199 732 4255 curiam
744 4198 901 4257 Romanam
912 4199 1038 4276 protinus
1050 4219 1100 4273 pro

513 4293 526 4320 ἥ
545 4288 590 4339 sic,
744 4301 750 4312 ¹
982 4287 1001 4349 ξ’
1016 4277 1103 4337 licen-

357 4343 370 4369 Ο
