2942 4875
171 247 1072 333 rumururu'nnroasunvnrrous.-
1206 287 1249 356 71

91 401 153 466 “dc
167 399 237 464 slate
256 401 288 462 in
306 395 445 481 spelunca
459 394 534 458 infra
549 416 663 469 muros,
686 395 722 466 ἃ,
731 395 879 478 quicquid
902 399 988 462 vobis
1007 399 1113 464 dixero
1167 394 1169 406 ¹

93 496 113 525 “
127 488 274 552 faciatis.'¹.
317 486 454 568 Armiger
476 505 547 548 vero
570 481 700 546 ascendit
722 487 872 565 quendam
888 506 1002 567 equum
1016 493 1112 552 maxi·

89 599 172 644 muru
194 577 254 640 stne
268 571 348 648 sella,
372 569 536 655 tollensque
549 569 658 634 falcem
672 573 765 635 exivit
786 571 865 637 foras
889 589 1030 655 tanquam
1045 577 1112 640 her·

90 665 157 728 bam
170 662 301 738 salcaret,
324 660 459 744 viditque
472 679 575 744 regern
594 659 631 722 ad
653 660 789 738 arborem
804 659 903 722 venire
917 683 973 742 pro
989 665 1111 727 necessa-

88 750 133 814 rio
145 749 291 826 faciendo,
325 751 357 812 in
378 749 465 830 cujus
489 750 619 814 adventu
647 746 819 830 coconagia‚
857 770 929 830 quae
953 750 984 812 in
1004 753 1112 817 arbore
1185 749 1190 758 “

87 836 215 915 sedebat,
237 838 387 904 cantabat.
432 837 487 900 llle
501 857 571 900 vero
585 835 725 898 accedens
741 837 864 918 propius
876 836 1036 920 postquam
1050 843 1110 904 hoc

87 928 160 990 vidit
173 947 277 1011 regem
290 923 380 1008 cepit.
425 923 505 990 Socii
520 945 599 999 vero,
623 921 774 1006 quierant
787 945 861 989 cum
874 944 955 1008 rege,
971 943 1109 1008 putantes

85 1012 171 1078 illum
191 1015 247 1078 esse
272 1014 311 1080 de
335 1009 393 1075 suis
416 1027 574 1098 coeperunt
599 1011 734 1085 clamare,
772 1005 792 1046 “
813 1015 892 1074 Cave
917 1030 955 1086 te,
988 1014 1106 1092 rustice,

88 1107 111 1136 “
125 1117 190 1166 ante
203 1123 315 1187 regem,
339 1101 423 1184 quod
438 1097 585 1162 satiemus
600 1115 629 1160 te
644 1095 786 1181 suspendi
796 1100 817 1162 fi
829 1103 961 1185 tetigeris
977 1101 1107 1183 ipsum.”
1135 1109 1145 1135 ⁸

27 1267 29 1270 Ι
85 1189 139 1252 Sed
157 1190 209 1254 ille
222 1189 328 1273 spretis
350 1187 492 1254 omnibus
511 1207 572 1271 prae
583 1185 761 1250 fortitudine
775 1184 827 1249 sua
844 1209 954 1270 regem,
977 1190 1108 1272 quierat

84 1278 282 1361 aperitissimae
295 1275 424 1353 staturae,
450 1295 542 1339 manu
564 1272 716 1338 sublevans
731 1271 818 1356 super
828 1276 1002 1354 jumentum
1018 1275 1105 1341 suum

83 1363 190 1448 posuit,
212 1363 336 1448 &sugit
351 1365 389 1428 acl
404 1364 521 1439 urbem,
542 1361 661 1426 sortiter
672 1363 801 1426 clamans
824 1364 862 1425 ad
883 1365 1018 1430 homines
1032 1370 1104 1430 civi·

82 1455 156 1528 tatis,
182 1461 203 1490 “
219 1454 309 1517 Exite
322 1449 411 1527 sosas,
434 1451 631 1530 &interficite
650 1449 815 1514 exercitum
830 1454 917 1534 regis,
938 1455 1023 1536 quod
1035 1476 1104 1518 ecce

83 1547 103 1576 ‘⁸
117 1541 211 1624 ipsum
223 1556 311 1606 teneo
324 1541 478 1623 captum.”
501 1537 566 1627 Qi
580 1555 732 1614 exeuntes,
748 1540 821 1601 alios
834 1541 1017 1617 occiderunt,
1028 1541 1102 1606 alios

80 1626 235 1712 infugam
250 1643 412 1694 verterunt.
458 1625 588 1690 Romani
609 1647 680 1690 vero
702 1627 808 1692 habito
833 1629 988 1711 triumpho
1008 1628 1100 1693 solve·

79 1732 147 1779 runt
161 1717 189 1782 ei
204 1719 371 1801 pecuniam,
393 1713 571 1780 &fecerunt
594 1716 621 1778 ei
643 1718 822 1780 memoriam
840 1737 960 1798 equum
985 1739 1098 1782 aereum

79 1803 137 1867 srne
150 1801 261 1870 sella&
278 1804 466 1880 deauratum,
492 1801 556 1886 ipso
575 1799 698 1884 desuper
722 1801 841 1870 sedente
860 1803 982 1877 extensa
1006 1827 1100 1869 uranu

78 1892 197 1956 dextera
211 1913 274 1978 qua
294 1910 413 1975 ceperat
425 1901 505 1967 euni,
529 1893 558 1954 ἃ
580 1889 612 1952 in
631 1890 728 1986 capite
741 1890 813 1973 equi
834 1888 996 1972 posuerunt
1011 1915 1098 1958 coco·
1125 1895 1130 1918 '
1202 1894 1204 1899 ’

78 1980 210 2064 nagium,
226 1981 265 2044 ad
279 1981 365 2060 cujus
378 1995 501 2044 cantum
514 1977 667 2042 vidioriam
677 1981 796 2051 lecerat,
813 1978 969 2062 ipsumque
984 2002 1096 2063 regem,

76 2071 126 2150 qui
141 2091 231 2152 parva
246 2066 367 2152 persona
382 2065 491 2143 suerat,
514 2082 594 2130 retro
608 2066 705 2150 ligatis
721 2068 857 2130 manibus
872 2068 948 2130 ficut
962 2077 1034 2132 etun
1048 2092 1097 2134 ce·

76 2173 166 2238 perat,
188 2154 247 2220 sub
261 2158 375 2240 ungula
387 2153 460 2240 equi
474 2155 684 2220 memorialiter
700 2156 1096 2218 collocarunt-n·—

79 2241 249 2308 Colloseum
262 2242 323 2310 suit
337 2244 485 2328 templum
500 2240 567 2306 solis
581 2245 702 2317 mirum,
727 2242 866 2307 maximis
883 2244 912 2304 a
929 2245 1105 2326 pulcherri-'

75 2333 128 2396 mis
144 2331 265 2398 diversrs
283 2332 441 2396 carnetulis
463 2331 648 2413 adaptantur,
671 2333 756 2414 quod
772 2347 868 2393 totum
893 2349 956 2394 erat
968 2353 1094 2416 cooper-

76 2434 138 2484 tum
151 2442 228 2487 aereo
252 2421 331 2485 coelo
349 2419 542 2495 &deauratm
566 2417 621 2483 ubi
635 2421 776 2492 tonitrua,
801 2418 979 2503 defulgurat,
999 2421 1030 2482 dc
1044 2444 1094 2485 co·

73 2506 251 2575 mscaciones
274 2508 397 2583 fiebant,
434 2508 533 2589 &per
558 2504 680 2571 subtiles
702 2506 813 2571 fistulas
836 2508 942 2590 pluviae
965 2506 1095 2572 bmitte·

73 2594 189 2661 bantur.
234 2601 272 2661 In
286 2596 387 2661 medio
401 2595 544 2671 Phoebus,
559 2594 617 2663 hoc
631 2594 683 2673 est,
698 2593 751 2671 sol,
767 2597 916 2676 manebat,
933 2598 987 2679 qui
1002 2600 1095 2679 pedes

73 2677 221 2749 tenensin
237 2700 347 2749 terram
369 2704 442 2747 cum
452 2682 550 2766 capite
573 2684 684 2747 coelum
710 2684 861 2766 tangebat,
883 2684 989 2747 inueus
1003 2688 1091 2767 quod
1142 2738 1149 2745 ,

73 2772 166 2835 Roma
180 2772 254 2837 esset
269 2773 406 2847 domina,
426 2771 455 2835 dt
471 2785 571 2837 totum
582 2771 734 2835 mundum
749 2774 881 2855 regebat.
924 2778 1093 2853 Imperaute

71 2876 136 2923 vero
149 2864 259 2924 Romae
274 2864 393 2925 Nerone
404 2858 547 2925 colloseus
560 2858 695 2943 eiigitur,
718 2860 830 2923 habens
853 2858 1020 2923 altitudinis
1035 2860 1091 2945 pe.-

71 2947 118 3010 dee
129 2965 264 3013 centum.
307 2948 366 3013 Hic
374 2949 538 3031 imperator
551 2968 636 3011 aures
651 2947 757 3011 habuit
766 2948 899 3010 asininas.
937 2947 994 3011 Iste
1008 2950 1091 3011 Nero

71 3054 170 3101 omnes
185 3033 408 3101 barbitonsores
422 3034 523 3099 secreti
542 3032 586 3099 sui
600 3033 731 3099 conscios
746 3057 810 3119 quo
826 3036 867 3097 ad
891 3057 977 3100 aures
991 3035 1091 3100 statim

70 3120 137 3187 secit
150 3124 290 3200 interfici,
315 3126 350 3187 δι’
364 3122 527 3209 postquam
549 3124 658 3187 multos
679 3142 721 3207 ex
742 3120 828 3186 causa
843 3124 983 3207 praedisla
997 3124 1090 3186 inter·

69 3206 174 3276 fecerat
190 3209 413 3278 barbitonsores
426 3208 562 3275 misertus
573 3208 615 3275 est
629 3210 728 3283 unius,
753 3209 808 3293 qui
821 3211 936 3294 optime
945 3210 1089 3275 serviebat

69 3296 106 3374 ei,
127 3299 315 3365 &formosus
328 3316 402 3377 erat,
427 3301 583 3383 injungens
597 3298 624 3362 ei
639 3320 677 3363 ne
690 3302 831 3381 cuiquam
840 3297 986 3363 secretum
996 3302 1088 3379 hujus
1122 3367 1124 3374 ,

69 3384 217 3471 detegeret
231 3390 287 3453 sub
306 3408 394 3471 poena
417 3386 657 3471 decapitationis.
703 3387 799 3471 Quod
819 3406 892 3450 cum
918 3390 971 3451 vix
991 3386 1088 3450 facere

68 3476 165 3553 posset,
189 3475 303 3559 scripsit
318 3478 349 3541 in
364 3492 474 3541 terram
488 3475 547 3542 fic:
580 3480 601 3512 “
617 3480 714 3539 Terra
728 3473 783 3537 tibi
804 3469 882 3548 dico,
906 3476 989 3559 quod
1004 3478 1088 3538 Nero

70 3568 89 3595 “
103 3563 190 3627 habet
212 3585 299 3629 aures
311 3563 476 3629 affinitasr‘
499 3560 614 3648 'Qrod
631 3564 814 3649 perpendens
834 3564 959 3645 quidam
980 3565 1019 3626 de
1040 3564 1085 3627 sa-

67 3652 150 3714 mulis
168 3651 298 3716 Neronis
318 3653 416 3715 literas
431 3652 504 3735 legit
522 3652 553 3715 dr
571 3652 680 3714 delevit
695 3665 791 3726 terra,
813 3650 964 3735 &scripsit
986 3653 1086 3726 eornm

67 3735 175 3803 &tunc
185 3756 253 3803 erat
267 3742 310 3805 ibi
321 3737 475 3824 scriptum,
500 3746 520 3775 “
535 3740 628 3803 homo
643 3739 699 3803 tibi
714 3738 794 3814 dico,
810 3741 894 3821 quod
912 3742 1012 3802 Nero’'
1026 3742 1084 3803 &o

67 3826 138 3904 Qrae
152 3824 300 3911 scriptura
315 3830 484 3911 imperatori
495 3825 606 3891 ostensa
621 3826 662 3889 esi
684 3843 811 3901 tantum,
834 3827 919 3910 quod
932 3827 982 3894 ille
996 3826 1083 3889 sami·

65 3909 139 3977 liaris
158 3914 263 3980 versus
285 3937 372 3979 aures
393 3916 518 3979 Neronis
537 3914 701 3999 inspiceret.
747 3915 876 3984 Dicebat
893 3937 965 3999 ergo
990 3921 1083 4004 Nero,

66 4002 85 4031 “
101 4002 196 4068 Terra
206 4004 330 4075 deterrit
352 3999 495 4067 secretum
516 4024 629 4077 meum,
653 4024 711 4065 non
733 4000 914 4066 abscondam
937 4003 969 4065 id
984 4006 1022 4065 de
1036 4024 1084 4066 ce·

61 4089 80 4119 “
95 4097 184 4155 tero.’'
229 4091 302 4155 Post
326 4091 463 4177 temporis
477 4090 608 4177 spacium
631 4092 734 4164 beatrrs
751 4089 887 4155 Silvester
908 4111 984 4175 papa
994 4092 1077 4173 jussit

89 4277 103 4308 a
119 4263 275 4327 coniecerant
282 4265 443 4333 prorerffme.
471 4263 515 4311 Sed
526 4280 584 4313 mox
596 4265 660 4337 infra
666 4264 892 4335 paruam'persrnam
905 4265 971 4314 fuisse
986 4246 1099 4317 indicae.
1169 4288 1172 4293 ·

64 4322 122 4373 Hinc
129 4331 280 4449 perniciffmae
292 4346 391 4395 repono,
407 4342 434 4379 ut
445 4328 473 4379 de
482 4328 606 4378 velocitate
618 4334 678 4400 regis
690 4330 846 4400 intelligatur,
865 4333 877 4378 ὲ
889 4334 999 4397 σώματος
1015 4329 1086 4389 edens

64 4389 296 4448 breviteexiem.
330 4396 342 4446 b
360 4396 534 4449 Mitterlantar
551 4398 606 4454 MS.
1012 4444 1015 4448 .
1051 4460 1083 4527 ,d

1051 4482 1062 4523 l

1457 622 1459 651 l

1457 654 1458 671 r
