2942 4875
229 223 276 270 tn
306 205 496 270 Plan-era
524 200 710 268 Parmam
741 203 1029 269 Aerenorcrs.

119 340 261 410 “magno
281 329 372 409 sugillo
402 327 516 406 Angliae
545 305 829 418 confeclasfpublico
859 331 948 387 nostro
969 323 1139 421 Theologiae

118 422 139 448 ·‘
155 411 311 470 Praeunorr
325 411 380 467 five
392 406 551 476 Prolellori,
573 408 812 482 necnon-publico
827 409 916 466 nostro
931 409 1139 468 Hebrarcarum

17 551 19 556 ,
124 493 302 552 “literarum
326 487 482 546 Praeleclori
503 487 556 544 srve
578 485 725 550 l’rafellori
746 488 775 543 in
799 487 873 544 dicta
889 487 1075 545 Univerlitate
1095 508 1139 546 re·

73 591 75 602 ·
96 577 104 593 ”
117 576 139 606 “
153 565 273 647 spectio
287 587 338 646 pro
359 583 485 644 ternpore
496 565 679 628 ,existentibus
695 565 813 622 antehac
831 567 948 623 concedi
961 571 987 623 dc
1007 567 1140 624 annexati

117 656 137 683 ‘⁸
153 649 265 706 irretiat.
314 647 520 710 Haemon,
540 645 700 710 tenendum,
727 645 953 724 &gaudendum
975 647 1139 721 praediclum

116 737 136 764 ‘⁶
153 727 355 788 Canonicatom
371 727 424 783 five
444 723 627 782 l’raebendam
648 743 712 780 curn
733 722 786 780 suis
807 723 978 800 pertinentiis
1003 731 1136 802 [exceptis

114 815 135 856 ’ἕ
150 806 345 884 praeexceptis)
367 804 484 882 praelato
500 802 657 860 Willielmo
676 803 777 859 Strode
791 803 876 860 modo
893 803 1006 877 publico
1020 805 1137 862 Oratori

114 877 134 918 ‘²
154 883 345 952 Univerfitatir
374 882 523 960 pradidlae,
542 899 575 939 ac
602 880 759 956 hujusmodi
782 884 915 959 perlonae.
952 903 1015 958 quae
1027 884 1135 964 Orator

114 973 135 1001 ‘¹
152 963 281 1044 publicus
302 965 331 1019 in
351 963 427 1020 dicia
448 959 636 1018 Univerfitate
659 981 709 1038 pro
724 977 850 1037 tempore
863 962 956 1028 luerit,
975 981 1026 1038 pro
1039 969 1065 1020 dr
1079 969 1134 1023 du-

112 1051 133 1080 “
149 1059 228 1107 rante
247 1059 371 1118 ternpore
393 1057 451 1117 quo
475 1039 580 1097 dicium
593 1039 714 1098 officium
735 1059 911 1102 exercuerat:
944 1061 1130 1103 canentium

110 1131 133 1160 ⁸⁸
147 1123 184 1181 de
197 1121 288 1187 nobis,
312 1121 458 1180 heredibus
469 1126 498 1178 δι
511 1119 708 1178 soccelsoribur
724 1120 818 1178 nolitia
831 1121 859 1176 in
873 1141 972 1198 puram
987 1127 1012 1179 dr
1030 1143 1131 1198 perpe-

110 1209 132 1237 “
147 1218 227 1259 tuam
241 1199 456 1276 eleemosynam.
498 1199 543 1255 Er
567 1217 736 1256 otrannus
751 1201 788 1256 de
800 1201 891 1276 gratia
898 1199 993 1284 nostra
1007 1202 1133 1276 speciali,

106 1289 130 1316 ⁴⁸
146 1299 180 1338 ac
191 1299 226 1338 ex
238 1296 313 1340 certa
325 1281 438 1338 scientia
457 1283 483 1334 dt
497 1297 575 1336 mero
600 1293 679 1336 motu
697 1279 793 1336 nolitis
813 1282 992 1347 concedimus
1012 1283 1129 1356 praefato

107 1365 130 1396 ⁴⁴
146 1357 306 1422 willielmo,
323 1357 431 1427 Secede,
454 1358 538 1416 modo
560 1357 677 1434 publico
692 1359 806 1415 Oratori
825 1357 1130 1432 didaefUnivertitatis,

107 1446 129 1473 ‘⁴
145 1457 179 1497 ac
198 1437 355 1516 hujusmodi
370 1435 493 1515 personae
510 1456 574 1514 quae
597 1434 679 1495 sacris
706 1435 861 1494 Ordinibus
882 1435 1011 1515 susceptis
1022 1441 1129 1504 Orator

107 1525 128 1554 ‘¹
143 1508 271 1596 'publicus
291 1515 408 1583 ibidem,
435 1529 465 1574 ut
485 1511 629 1594 prefertur
655 1516 759 1584 fuerit3
793 1518 838 1574 Ac
857 1517 944 1578 etiarn
964 1536 1014 1595 pro
1031 1523 1125 1594 nobis,

106 1604 127 1633 “
142 1593 292 1662 ltercdiba'e
304 1602 332 1656 dr
346 1589 541 1654 luccedntibue
556 1595 650 1653 nostris
665 1615 715 1672 per
727 1596 873 1673 praesenter
887 1596 1028 1655 statuimus
1041 1605 1125 1658 &or-

106 1670 280 1744 “dina-ur,
301 1675 378 1754 q'uod
398 1671 590 1752 ipse-haberit,
624 1691 728 1742 teneat,
761 1681 787 1732 δι
816 1677 937 1754 gaudeat
957 1680 1124 1754 prediclnm

106 1761 127 1790 “
143 1755 362 1820 Canonicatum‚
385 1751 628 1812 livePraeberidatn
643 1753 716 1812 inlra
728 1754 879 1812 Eccleriam
890 1759 1123 1818 nellmm'Cathe-

104 1843 126 1869 “
140 1835 247 1893 dralem
259 1834 360 1893 carita
373 1836 471 1892 Onon.
491 1835 541 1910 qui
552 1834 643 1910 primo
657 1839 683 1890 dr
697 1834 834 1910 proxime,
856 1849 885 1892 ot
897 1838 1050 1910 praefertun
1071 1859 1122 1897 ra-

106 1921 126 1948 '‘
141 1930 206 1971 care
220 1915 379 1990 contigerit,
407 1920 433 1970 dr
455 1913 492 1978 ad
513 1912 694 1970 donationem
720 1915 850 1983 nostram,
870 1918 1002 1972 heredum
1022 1924 1047 1974 dc
1060 1917 1121 1976 suc-

40 2031 42 2036 ·
103 1999 125 2027 “
138 1991 273 2050 cessorum
283 1993 435 2050 nostrorum
455 1992 585 2049 devenire
607 1990 720 2049 deberet
737 1991 756 2048 fi
780 1993 840 2049 haec
854 1993 972 2070 praesens'
984 1997 1120 2056 conceffio

102 2075 123 2104 ‘⁸
138 2073 231 2130 nostra
244 2072 358 2129 minime
378 2069 453 2130 facia
465 2070 555 2130 luillet
568 2068 617 2127 subi
631 2070 749 2146 ptaelato
762 2072 920 2130 Willlelmo
933 2073 1032 2133 Strode
1046 2097 1120 2137 nune

101 2150 252 2223 “publico
274 2151 406 2218 oratori:
427 2168 460 2208 ac
480 2148 595 2226 publico
616 2151 729 2208 Oratori
751 2152 800 2226 qui
821 2170 871 2229 pro
891 2168 1016 2231 ternpore
1036 2157 1122 2217 fuerit

100 2227 217 2303 “juxta
233 2229 421 2288 *intentionem
449 2232 566 2304 nclitum
590 2226 712 2304 superius
732 2229 913 2290 declaratam.
963 2235 1000 2291 Et
1027 2255 1117 2314 Qron

98 2314 118 2342 “
134 2309 281 2384 praedidlue
297 2305 718 2366 CanonicatusffivePraebenda
730 2308 864 2384 praedidlo
879 2314 993 2372 Oratori
1003 2317 1119 2390 publico

100 2392 121 2420 ‘⁶
141 2388 228 2447 modo
242 2387 375 2456 existenti,
402 2407 435 2446 ac
449 2379 562 2469 Qrg‘t'ori
585 2385 700 2463 publico
720 2389 769 2466 qui
789 2387 965 2466 imposterum
982 2413 1032 2467 pro
1046 2407 1116 2455 tem·
1140 2392 1145 2404 ’

95 2471 117 2499 “
132 2486 202 2544 pore
224 2466 309 2525 fuerit
328 2467 364 2526 de
383 2464 527 2535 ceterdsfit
553 2472 578 2524 dc
599 2467 651 2524 erit
674 2469 813 2525 unitus&
836 2488 987 2533 annexatus
1010 2477 1115 2551 imper-

96 2553 116 2580 “
133 2560 260 2623 petalum.
301 2548 346 2604 Ac
371 2546 480 2603 dilium
496 2546 701 2603 Canonicatutn
719 2546 777 2604 'sire
796 2549 974 2610 Praebendam
996 2555 1116 2630 praelato

94 2632 114 2659 ‘⁸
132 2628 249 2684 Oratori
262 2624 375 2703 publico
388 2624 582 2682 Universatatis
598 2625 772 2695 Oxonienns„
781 2646 832 2703 pro
850 2645 975 2706 tempore
989 2634 1114 2694 existenti

91 2711 181 2782 “pro
203 2707 283 2765 nobis
303 2704 451 2763 heredibus
483 2708 509 2760 dc
530 2702 723 2761 successoribus
758 2708 854 2764 nostris
887 2712 995 2769 unimur
1014 2718 1040 2769 dr
1061 2733 1113 2772 an.

92 2788 113 2817 ‘⁶
128 2802 264 2843 nexamus
284 2803 334 2860 per
353 2781 508 2860 praesentes.
549 2782 593 2839 Eo
611 2802 702 2861 Qron
724 2786 845 2859 exprelsa
866 2793 970 2848 mentio
990 2792 1025 2847 de
1045 2812 1112 2853 vero

92 2867 113 2896 ⁸‘
129 2863 228 2921 valore
249 2881 342 2921 annuo
362 2861 408 2919 vel
423 2862 458 2918 de
476 2860 643 2919 certitudine
660 2866 857 2938 praemillorum
871 2868 926 2925 five
946 2870 1042 2927 eorum
1059 2873 1112 2931 ali.

90 2947 112 2975 ‘⁴
129 2940 209 3015 cujus
231 2955 279 2999 aut
302 2940 337 2997 de
361 2940 421 2997 aliis
435 2941 515 2997 donia
537 2938 592 2997 sive
614 2944 830 3001 concellrouibus
844 2965 894 3021 per
909 2967 970 3016 nos,
994 2949 1038 3008 seu
1060 2971 1110 3025 per

90 3019 253 3097 “aliquem
272 3021 480 3098 progenitorum
503 3020 546 3077 vel
572 3021 795 3096 praedecellorum
811 3026 973 3095 nostrorum,
995 3030 1111 3105 praefato

90 3104 111 3133 “
129 3098 285 3157 willielmo
301 3098 399 3157 Strode
424 3114 489 3156 ante
512 3100 570 3156 haec
583 3114 712 3176 tempora
726 3102 804 3159 fadis
817 3106 845 3160 in
863 3107 1039 3179 praelentibus
1056 3112 1109 3170 mi-

92 3186 112 3214 “
127 3179 291 3247 mineJatta
312 3178 411 3246 exiliit,
432 3195 480 3236 aut
501 3179 597 3255 aliquo
614 3180 721 3249 statuto,
744 3185 815 3243 adiu.
837 3186 1021 3255 ordinatione,
1042 3208 1110 3267 pro-

89 3257 240 3325 “vifione,
271 3256 502 3333 proclamatione,
532 3258 587 3315 srve
609 3260 777 3318 restridlione
798 3262 861 3319 inde
883 3265 911 3319 in
939 3270 1109 3327 contrarium

1218 223 1284 292 311

90 3342 110 3369 “
124 3338 245 3395 antehac
259 3336 366 3404 habito,
388 3333 471 3397 ladio.
493 3336 579 3401 edito,
600 3340 741 3406 ordinato,
754 3340 809 3396 live
821 3342 940 3414 proviso,
955 3364 1001 3400 aut
1012 3344 1109 3424 aliqua
1181 3339 1183 3344 ¹
1239 3399 1244 3409 ,

89 3421 109 3449 “
123 3414 232 3485 aliare,
254 3415 346 3484 caula,
366 3415 410 3472 rel
424 3415 540 3472 materia
554 3435 723 3493 quacunque
744 3420 772 3472 in
787 3418 883 3493 aliquo
896 3440 953 3477 non
973 3425 1108 3487 obstante.

89 3497 108 3526 ‘⁸
123 3493 161 3550 In
189 3513 291 3563 carrus
314 3495 354 3552 rei
374 3495 559 3552 testimonium
582 3495 631 3554 has
654 3495 760 3553 litteras
783 3499 885 3557 nostras
908 3501 966 3560 fieri
990 3505 1107 3565 fecimus

91 3578 112 3604 “
125 3585 261 3649 patentes,
289 3574 399 3632 Terre
415 3572 520 3648 meipso
534 3574 607 3649 apud
624 3575 892 3639 westmonasterium
906 3584 1111 3664 viecfimo-pri·
1171 3654 1174 3660 Ι

88 3657 107 3683 “
121 3670 170 3712 mo
181 3652 229 3713 die
240 3652 407 3714 Decembris
422 3670 496 3709 anno
508 3653 586 3730 regni
602 3646 684 3714 nostii
698 3654 859 3717 undecimo.

399 3842 452 3905 Per
465 3841 550 3905 breve
565 3842 599 3903 de
612 3806 850 3929 privato'Sigillo.

873 4034 877 4041 ’
928 4042 1067 4123 Wolse170

994 4222 1019 4282 E
1034 4224 1063 4284 D
1076 4223 1114 4286 Ic·
