2942 4875
532 275 668 341 THE
726 269 1184 338 PUBLISHER’S

373 406 410 473 id
422 406 694 491 templumdellrui,
716 406 817 470 &alia
831 405 941 488 palacia
954 403 986 468 in
1000 404 1113 488 quibus
1127 403 1227 468 cultus
1241 419 1308 467 erat
1321 403 1403 470 deo·

365 515 446 572 rum,
464 511 499 558 ut
510 496 687 570 adoratores,
711 498 766 578 qui
777 498 907 556 Romam
921 492 1055 568 veniunt,
1079 513 1142 555 non
1156 513 1209 574 per
1220 491 1357 557 aedilicia
1370 497 1403 558 tic

363 581 436 645 fana
450 583 537 658 irent,
560 581 608 646 sed
626 605 679 666 per
700 581 833 646 ecclefias
858 601 929 644 cum
943 581 1105 643 devocione
1120 579 1287 642 transirent.
1335 586 1400 644 Ca·

364 670 429 754 pud
441 693 512 734 uero
525 673 554 734 δε
567 691 670 734 manus
684 671 764 754 ydoli
781 668 918 754 praedidi
932 684 1001 730 ante
1019 667 1166 751 palacium
1184 669 1216 729 in
1238 671 1398 732 Laterano

364 758 398 822 in
412 761 586 822 memoriam
609 758 679 822 fecit
703 757 787 841 poni.
820 776 833 803 ³
848 755 904 840 qui
923 757 1018 819 modo
1043 756 1140 838 palma
1155 751 1305 818 Samsonis
1319 755 1398 820 falso

363 863 491 909 vocatur
512 846 529 908 ai
548 848 783 930 vulgo.-—--
794 850 947 927 Tempore
972 841 1128 905 consulum
1150 844 1181 904 8(
1206 839 1396 922 senatorum,

364 933 533 1016 imperante
544 934 733 1006 Domitiano,
749 934 803 1015 qui
813 934 890 994 Tito
904 929 1316 1013 &Vespasianoimmeditate
1325 931 1395 996 suc·

362 1021 454 1095 ceffit,
479 1024 611 1106 Agrippa
627 1019 787 1106 praescitus
798 1017 967 1102 subjugavit
977 1023 1116 1081 Romano
1129 1015 1241 1080 senatui
1252 1023 1393 1098 Swenos,

364 1113 510 1184 Saxones,
533 1112 562 1172 8<
578 1110 649 1172 alios
672 1107 869 1171 occidentales
889 1107 1017 1190 populos
1043 1127 1113 1169 cum
1136 1120 1269 1189 quatuor
1293 1108 1393 1191 legio·

362 1195 463 1272 nibus,
487 1196 518 1260 in
532 1199 617 1278 cujus
631 1195 794 1260 reversione
806 1194 1021 1258 tintinabulum
1031 1193 1132 1255 statuae
1143 1194 1159 1241 b
1170 1192 1300 1270 Perside,
1317 1216 1392 1279 quar

361 1298 424 1346 erat
432 1286 463 1347 io
473 1286 624 1367 capitolio,
636 1279 746 1348 'sonuit
765 1282 796 1346 in
812 1282 924 1366 templo
941 1283 1022 1360 Jovis
1044 1282 1074 1343 δι
1092 1281 1246 1345 Minerva.
1292 1287 1392 1364 Cujus

362 1372 581 1436 tintinabulum
595 1373 718 1436 audiens
740 1369 884 1446 sacerdos,
907 1369 962 1459 qui
974 1384 1037 1431 erat
1051 1370 1080 1430 in
1101 1367 1219 1452 speculo
1237 1368 1272 1432 in
1292 1372 1389 1434 ebdo-

361 1457 523 1536 madasua,
540 1460 694 1524 nunciavit
705 1457 897 1541 senatoribus.
942 1457 1100 1522 Senatores
1111 1472 1212 1519 autem
1224 1457 1302 1520 hanc
1313 1459 1391 1544 legi-

362 1567 455 1610 onem
469 1545 609 1631 praefesto
628 1549 774 1631 Agrippae
797 1543 1011 1629 imposuerunt,
1034 1543 1089 1628 qui
1103 1544 1244 1607 omnibns
1256 1566 1388 1635 renuens

361 1655 424 1704 nmr
439 1636 517 1719 polle
532 1639 593 1718 pati
608 1635 724 1698 asseruit
738 1632 767 1696 se
789 1650 905 1697 tantum
919 1633 1070 1707 laborem3
1094 1632 1212 1695 tandem
1227 1633 1388 1699 convislus
1469 1638 1470 1711 ξ

359 1722 451 1806 peciit
474 1723 630 1786 consillum
650 1724 742 1785 trium
756 1719 885 1797 dierum,
908 1723 940 1784 in
960 1741 1023 1803 quo
1046 1718 1139 1783 tercio
1152 1721 1283 1803 quadam
1296 1723 1387 1787 noae
1469 1732 1470 1769 l

359 1831 400 1875 ex
413 1812 508 1874 nimio
521 1813 654 1894 cogitatu
671 1809 872 1884 obdormivit,
893 1809 1077 1891 &apparens
1091 1807 1119 1870 ei
1136 1808 1275 1891 quaedarn
1298 1808 1387 1874 femi·

360 1918 400 1960 na
420 1898 459 1960 src
471 1900 532 1961 ait:
558 1906 579 1936 “
594 1897 741 1983 Agrippa,
764 1896 841 1980 quid
855 1897 939 1982 agis?
962 1895 995 1959 in
1008 1915 1116 1978 magno
1123 1895 1258 1980 cogitatu
1274 1911 1307 1960 tu
1323 1905 1386 1962 es.”

175 2041 177 2054 ‚
267 2023 269 2028 ¹
360 1988 425 2070 Qi
441 1985 590 2070 respondit
601 1990 639 2063 ei,
664 1995 685 2023 “
701 1991 775 2048 Sum
786 1983 939 2049 domina.”
960 1982 1140 2070 Qaeaitei,
1157 1991 1178 2020 “
1191 1982 1383 2064 Confortare,
1469 2002 1470 2045 t

360 2077 384 2111 “
401 2076 430 2135 ἃ
451 2073 594 2156 plornitte
611 2074 687 2137 mihi
709 2073 855 2154 templum
871 2068 1022 2134 facturum
1036 2069 1124 2154 quale
1146 2071 1200 2134 tibi
1213 2070 1383 2152 ostendero,
1469 2124 1470 2139 t

362 2166 385 2198 “
399 2161 506 2225 &dico
531 2161 587 2225 tibi
609 2161 649 2224 fic
667 2159 724 2223 eris
740 2159 905 2223 visiurusl'
948 2157 1012 2246 Qi
1026 2160 1113 2233 dixit,
1138 2165 1158 2196 ‘⁸
1173 2160 1259 2243 Quid
1273 2160 1384 2237 ¹faciam

363 2252 386 2285 “
401 2248 524 2311 domina
539 2251 573 2311 ?''
615 2252 659 2312 At
678 2248 728 2310 illa
742 2249 773 2310 in
793 2243 853 2331 ipsa
872 2246 982 2310 visione
1003 2245 1128 2309 ostendit
1152 2246 1207 2309 sibi
1223 2251 1382 2332 templum,
1469 2248 1470 2251 ’

362 2340 385 2374 “
399 2338 431 2398 in
453 2337 532 2400 hunc
552 2337 708 2412 modum,”
745 2335 857 2411 dicens,
880 2342 902 2374 “
915 2333 1007 2399 facies
1028 2335 1091 2399 id.''
1134 2334 1271 2420 Agrippa
1293 2337 1383 2416 dixit,

362 2430 385 2462 ‘⁴
399 2425 542 2503 Domina,
575 2425 644 2511 quis
665 2444 697 2489 es
717 2440 751 2487 tu
763 2426 795 2487 ?''
817 2419 983 2508 Respondit
1008 2423 1045 2498 ei,
1071 2428 1091 2459 ‘⁶
1107 2425 1175 2507 Ego
1187 2420 1255 2489 sum
1269 2425 1382 2491 Cibiles

362 2519 388 2551 ‘⁶
400 2528 493 2579 mater
504 2515 641 2579 deorum.
685 2512 857 2578 Offermihi
871 2511 1021 2587 libamina,
1044 2510 1240 2594 &Neptnn0‚
1262 2516 1317 2596 qui
1337 2515 1381 2579 est

360 2608 383 2637 “
397 2621 524 2686 magnus
539 2603 623 2679 deus,
646 2616 682 2665 ut
697 2617 727 2664 te
745 2602 864 2685 adjuvet
879 2600 916 2661 ad
931 2601 1074 2664 honorem
1089 2619 1187 2663 meum
1198 2602 1228 2662 8e
1241 2603 1381 2684 Neptuni

360 2695 383 2724 ‘¹
399 2689 447 2751 dei
460 2688 578 2766 marini,
600 2688 684 2773 quod
708 2703 807 2752 tecum
820 2690 941 2764 erimus,
963 2689 1100 2749 &vinces
1111 2707 1211 2749 omnes
1224 2688 1381 2755 rebelles.’'

358 2779 495 2861 Agrippa
514 2798 583 2840 vero
605 2774 727 2861 surgens
742 2777 825 2838 laetus
841 2777 899 2838 hoc
913 2773 1057 2837 retulit&
1073 2778 1206 2837 recitavit
1221 2776 1253 2839 in
1266 2773 1378 2846 senatu,

358 2866 400 2926 Et
417 2864 542 2927 universi
567 2864 653 2928 distis
667 2862 728 2927 suis
750 2865 977 2947 adquieverunt.
1021 2861 1120 2947 Igitur
1141 2883 1211 2927 curn
1231 2881 1377 2947 apparatu

356 2950 478 3015 navium
491 2954 519 3015 ὃς
533 2953 668 3036 quinque
689 2951 856 3035 legionibus
877 2950 932 3015 ivit
954 2949 1070 3014 &vicit
1095 2972 1197 3014 omnes
1212 2950 1322 3028 Persas,
1346 2957 1378 3017 dr

357 3036 456 3120 posuit
470 3060 517 3103 eos
541 3040 688 3104 annaliter
709 3039 764 3103 sub
787 3039 904 3103 tributo
924 3041 1064 3101 Romano
1074 3034 1199 3102 senatui.
1245 3041 1377 3105 Rediens

354 3128 483 3191 Romam
504 3126 648 3195 fecithoc
670 3129 828 3210 templum,
850 3127 879 3189 ἃ
902 3125 1049 3191 dedicavit
1063 3126 1101 3189 ad
1117 3127 1263 3191 honorem
1285 3128 1379 3193 Cibe·

355 3214 405 3291 lis,
436 3218 541 3281 matris
566 3216 701 3290 deorum,
734 3216 764 3278 ἃ
786 3217 931 3298 Neptuni,
964 3215 1011 3279 dei
1033 3213 1151 3292 marini,
1187 3215 1376 3282 &omnium

355 3300 494 3378 deorum,
517 3302 657 3388 &posuit
671 3302 743 3366 huic
760 3303 874 3386 templo
886 3323 997 3366 nomen
1011 3306 1152 3378 Panteon,
1175 3303 1205 3367 δε
1224 3302 1296 3366 fecit
1317 3302 1375 3369 sta·

356 3406 441 3455 tuam
463 3391 572 3455 Cibehs
594 3391 774 3467 deauratam,
797 3412 892 3475 quam
915 3389 1014 3473 posuit
1034 3393 1064 3455 in
1078 3388 1193 3475 fastigio
1209 3392 1312 3474 templi
1326 3392 1374 3457 su·
1468 3453 1469 3458 ,

353 3479 567 3561 perforamen,
590 3479 747 3563 cooperuit
767 3501 831 3542 eam
846 3478 974 3541 mirifico
989 3480 1120 3561 tegmine
1141 3500 1218 3541 aereo
1237 3481 1266 3540 a
1281 3480 1373 3545 deau·
1468 3499 1469 3502 ’

352 3582 429 3630 rato.
473 3567 544 3631 Post
557 3570 654 3631 multa
674 3587 747 3630 vero
772 3583 904 3649 tempora
926 3567 1029 3629 beatus
1045 3564 1214 3629 Bonisacius
1236 3588 1314 3651 papa
1327 3572 1372 3631 ni-

352 3652 425 3717 dens
440 3655 471 3717 in
488 3655 643 3739 ,templum
670 3670 736 3717 tarn
759 3654 891 3718 terribile
914 3653 1082 3717 dedicatum
1097 3654 1137 3718 ad
1162 3656 1306 3717 honorem
1320 3659 1372 3720 Ci-

351 3741 437 3817 belis,
473 3745 574 3807 matris
603 3743 739 3819 deorum,
774 3760 843 3806 ante
870 3742 954 3826 quod
981 3743 1156 3806 multociens
1177 3741 1194 3806 ai
1216 3741 1371 3809 daemoniis
1434 3757 1439 3766 '

350 3831 597 3913 percutiebantur
612 3829 782 3906 Christiani,
806 3830 913 3893 aFoca
939 3826 1061 3905 Caesare,
1085 3830 1265 3914 imperatore
1279 3832 1369 3895 Chri·

350 3916 456 3992 lliano,
480 3920 617 4003 precibus
629 3917 764 4002 optinuit
775 3918 842 3981 dari
857 3917 911 3980 fibi
922 3917 981 3979 hoc
996 3917 1150 4001 templum,
1174 3933 1209 3980 ut
1224 3918 1306 3980 ficud
1322 3932 1369 4002 30.

348 4006 418 4071 Kal.
433 4009 607 4071 Novembris
627 4006 799 4071 dedicatum
821 4005 881 4068 fuit
907 4008 947 4067 ad
961 4007 1105 4069 honorem
1121 4006 1242 4080 Cibelis,
1265 4008 1368 4071 matris

346 4093 475 4157 deorum
491 4115 687 4179 paganorum,
710 4094 751 4157 stc
765 4095 795 4156 id
811 4090 959 4175 templum
967 4094 1150 4157 dedicaretur
1169 4094 1367 4175 39.1Kal.No·

346 4180 477 4244 vembris
491 4185 530 4246 ad
551 4184 699 4247 honorem
722 4185 816 4245 beatae
830 4180 933 4244 Mariae
954 4178 1071 4269 ¹semper
1088 4180 1221 4265 virginis,
1243 4201 1313 4263 quae
1326 4180 1367 4246 est

345 4283 439 4334 mater
452 4270 592 4336 omniurn
613 4270 801 4348 Santtornm,
833 4269 862 4331 ἃ
881 4269 1079 4353 inhonorem
1093 4269 1229 4338 omnium
1245 4269 1365 4334 Santlo·

686 4396 700 4429 a
718 4381 764 4431 Sic.
831 4376 890 4447 bf.
902 4375 1010 4433 tonus.

1284 4466 1362 4512 slim·
