2942 4875
149 211 547 280 inmurmurat
585 179 1014 276 onsrauarrous.

73 351 160 396 rum.
205 337 245 396 Et
260 354 334 415 papa
349 353 422 396 cum
441 335 582 398 Romano
603 333 717 416 populo
736 334 767 396 in
783 331 833 394 die
852 333 921 396 Kal:
937 328 1103 394 Novembr:

73 421 223 484 dedicavit
243 423 273 482 ἃ
286 423 397 496 slatult,
422 437 456 482 ut
480 421 510 482 in
538 419 590 482 illo
605 420 655 484 die
676 423 829 484 Romanus
843 417 979 502 pontifex
992 418 1034 482 ibi
1048 438 1097 481 ce·

70 507 199 571 lebraret
224 509 346 585 millam,
381 511 410 572 dc
432 501 560 590 populna
586 511 742 572 Romanus
763 510 908 589 acciperet
929 525 1039 588 corpus
1062 505 1094 567 St

70 591 244 678 sauguinem
267 596 382 660 domini
408 595 497 659 nostri
519 593 607 676 Jhesu
631 595 754 670 Christi,
778 593 860 657 ficud
883 595 980 657 indie
997 594 1092 656 natali

69 681 194 758 domini,
217 683 246 744 dc
268 685 299 745 in
314 683 368 746 islo
394 685 441 746 die
464 703 567 748 omnes
587 681 688 746 Sansli
713 683 742 745 δι
767 682 883 746 Sanciae
905 703 978 746 cum
997 696 1092 744 matre

71 771 194 832 Domini
213 770 325 832 Santra·
334 773 429 834 Maria
443 769 567 853 virgine,
595 773 625 832 n
647 767 815 836 coelestibus
829 767 980 853 spiritibus
1001 768 1092 831 habe·

69 874 134 920 rent
144 855 343 933 festivitatem,
369 861 398 920 aa
413 861 444 920 in
469 855 601 940 sequenti
619 858 739 940 diepro
762 855 908 920 desuuclis
931 877 985 940 per
998 857 1091 919 eccle·

68 943 122 1006 fias
138 943 235 1006 tocius
250 946 354 1016 mundi
377 945 462 1008 fieret
482 943 659 1008 sacrificium
676 967 728 1027 pro
753 944 961 1027 redemptione
975 943 1089 1006 anima·

67 1051 137 1094 rum
148 1029 445 1096 suarum--lo
462 1053 642 1115 unaquaque
657 1031 804 1114 sepultura
819 1032 1006 1114 imperatoris
1021 1028 1091 1094 sunt

67 1119 161 1180 literae
181 1120 310 1183 dicentes
335 1121 386 1192 ita,
419 1129 440 1157 “
455 1124 528 1182 Haec
550 1118 618 1182 sunt
632 1121 712 1194 olla,
736 1121 818 1194 cinis,
840 1119 869 1182 bt
893 1139 1007 1183 vermes
1032 1120 1087 1182 im·

70 1213 91 1266 ‘f
107 1207 260 1288 peratoris,
290 1209 319 1268 dr
341 1207 464 1270 vidloria
491 1229 582 1290 quam
604 1207 745 1288 fecerat.’'
788 1210 870 1268 Ante
891 1229 969 1290 quoa
991 1207 1087 1270 statua

68 1312 139 1355 aerea
154 1296 184 1356 81
194 1295 332 1356 deaurata
343 1294 392 1357 dei
405 1293 460 1356 sui.
506 1299 541 1358 ln
554 1297 654 1358 medio
666 1293 809 1378 sepulchri
820 1311 881 1356 erat
891 1293 1017 1370 abscida,
1032 1295 1087 1358 ubi

67 1377 141 1463 saepe
162 1379 281 1444 sedebat
294 1380 489 1453 Octavianus,
513 1384 615 1465 ibique
629 1398 712 1446 erant
733 1381 898 1445 sacerdotes
923 1381 1020 1446 officia
1033 1382 1086 1446 sua

69 1467 269 1532 decantantes.
315 1473 362 1532 De
376 1471 515 1534 omnibus
531 1473 626 1553 regnis
653 1471 748 1533 tocius
761 1469 842 1533 orbis
851 1471 864 1549 j
869 1469 932 1532 ussit
944 1469 1086 1533 octovia-

68 1576 123 1617 nus
136 1555 238 1620 venite
251 1559 408 1621 cirotecam
424 1575 511 1620 unam
524 1557 560 1620 de
577 1573 654 1622 terra
669 1561 767 1641 plena,
789 1578 865 1640 quas
885 1557 986 1642 posuit
998 1555 1086 1641 super

71 1646 225 1726 templum,
267 1645 409 1708 utellent
439 1648 470 1707 in
502 1645 647 1709 memoria
678 1648 707 1708 &
739 1648 769 1707 in
792 1649 876 1729 siguo
897 1643 1087 1726 subjectionis

68 1733 203 1794 omnibus
220 1732 362 1816 gentibus
380 1736 511 1795 Romam
525 1733 723 1808 venientibus,
747 1734 777 1796 ἃ
796 1733 881 1814 quod
898 1754 1001 1796 omues
1016 1753 1087 1815 pro·

68 1817 166 1882 vinciae
182 1819 290 1882 mundi
304 1837 386 1884 erant
402 1820 566 1882 tributariae
582 1825 699 1895 Romae,
723 1823 753 1883 8<
767 1821 850 1903 quod
864 1819 925 1902 ipse
943 1831 1085 1884 ²mouar·

69 1906 163 1968 chiam
185 1909 292 1982 tenuit,
321 1908 350 1970 dc
373 1907 592 1990 rempublicam
612 1908 776 1992 ampliavit,
806 1910 836 1973 iu
858 1909 944 1988 cujus
967 1909 1085 1993 siguum

68 1989 134 2056 secit
147 1994 332 2058 octovianus
357 1994 517 2078 imperator
537 1997 693 2078 quoddam
716 1994 876 2071 castellum,
899 1998 983 2078 quod
997 2017 1085 2060 voca·

69 2093 113 2142 tur
134 2100 163 2147 2.
175 2079 360 2166 Augustum,
384 2085 437 2146 ubi
460 2082 487 2144 se
509 2085 687 2168 colligebant
709 2086 1085 2166 imperatores.—---

68 2169 243 2252 attulphus,
267 2191 319 2232 rex
337 2167 574 2244 westsaxonum,
590 2173 733 2236 decimam
760 2188 872 2253 partem
889 2172 984 2232 tocius
999 2171 1084 2254 regni

68 2251 106 2317 sui
129 2258 166 2321 ab
188 2259 274 2320 omni
300 2258 389 2341 regali
412 2256 532 2321 servicio
557 2260 715 2322 &tributo
744 2260 889 2333 liberavit,
912 2261 941 2320 8<
958 2259 988 2320 in
1008 2255 1082 2320 sem·

68 2341 177 2422 piterno
192 2345 319 2428 graphio
340 2346 371 2409 in
394 2367 514 2408 crucem
537 2347 651 2410 domini
667 2347 777 2410 Christi
795 2367 849 2429 pro
875 2345 1083 2427 redempcione

1199 175 1239 286 ’73

68 2431 166 2496 animae
188 2431 291 2497 suae&
316 2433 527 2497 antecessorum
541 2430 664 2499 suorum
680 2433 732 2497 uni
754 2434 783 2497 ἃ
804 2436 880 2497 trino
893 2434 951 2496 deo
970 2430 1081 2497 immo·
1167 2429 1170 2438 ’

69 2516 143 2595 lavit,
166 2521 268 2605 srcque
282 2542 393 2606 magno
407 2542 476 2585 cum
492 2523 606 2585 honore
621 2521 751 2606 perrexit
761 2525 901 2595 Romam,
923 2521 1080 2604 filiumque
1089 2526 1227 2578 Romeseoe

67 2602 148 2671 suum
162 2608 346 2684 Ealsredum,
370 2631 463 2691 quem
478 2611 544 2691 plus
558 2610 661 2673 ceteris
674 2612 788 2686 dilexit,
805 2608 836 2673 in
851 2612 952 2671 eadem
969 2610 1015 2671 via
1024 2612 1080 2673 ite·
1149 2646 1152 2653 ·

68 2714 130 2756 rum
141 2693 238 2759 secum
254 2697 375 2772 ducens,
392 2697 435 2760 ibi
446 2717 524 2761 anno
532 2698 648 2783 integro
661 2714 793 2787 moratus
802 2696 852 2771 est,
868 2696 910 2760 est
919 2695 1083 2774 tributum,

68 2784 143 2862 quod
158 2786 189 2847 in
207 2783 318 2867 A'nglia
334 2786 422 2847 hodie
437 2782 452 2829 b
468 2784 642 2866 pensitatur,
668 2784 778 2848 Sancto
801 2788 890 2849 Petro
904 2785 1015 2868 optulit
1029 2806 1081 2848 co·

68 2888 125 2932 ram
140 2874 241 2933 Leone
256 2893 330 2955 papa
345 2880 410 2949 4⁰:
440 2873 536 2935 Sed&
551 2871 660 2937 scolam
674 2874 851 2957 Anglorum‚
876 2893 954 2956 quae,
976 2872 1079 2937 urser-

68 2968 119 3032 tur,
141 2960 179 3022 ab
190 2955 293 3040 Ospha
313 2980 382 3042 rege
395 2962 575 3023 Merciorum
591 2962 730 3045 primitus
749 2964 851 3023 Romae
866 2960 999 3025 instituta
1012 2957 1079 3023 sue·

67 3060 117 3119 rat,
132 3067 199 3128 quae
213 3048 308 3124 etiam
316 3049 455 3129 proximo
469 3068 547 3111 anno
562 3048 803 3132 conflagraverat,
820 3052 973 3133 reparavit.
1003 3050 1079 3113 Inde

69 3130 187 3197 domum
208 3155 263 3217 per
284 3134 397 3197 Gallias
417 3138 579 3217 repatrians
601 3136 719 3215 judith,
755 3136 849 3199 filiam
870 3135 972 3199 Karoli
994 3139 1080 3200 Calvi

69 3219 136 3301 regis
159 3225 351 3296 Francorum,
375 3225 405 3285 itt
424 3225 581 3306 conjugem
604 3224 737 3305 sumpsit,
765 3226 795 3286 81
817 3221 917 3286 secum
938 3223 1077 3289 adduxit.

70 3304 148 3370 Vixit
159 3311 260 3393 itaque
277 3309 433 3392 postquam
447 3312 484 3373 de
504 3315 602 3373 Roma
616 3310 704 3374 rediit
717 3331 771 3373 rex
782 3312 945 3394 Eatulphus
957 3310 1078 3374 duobus

69 3395 152 3469 annis,
175 3398 206 3459 in
228 3397 339 3479 quibus
362 3400 439 3459 inter
460 3398 515 3459 alia
531 3400 625 3461 multa
641 3396 788 3481 praesentis
801 3401 870 3461 vitae
886 3399 965 3462 bona
979 3398 1076 3462 studia

68 3481 192 3562 cogitans
205 3485 243 3545 de
255 3482 308 3546 suo
321 3486 357 3546 ad
370 3484 566 3549 universitatis
586 3489 665 3549 viam
680 3486 814 3561 transitu,
837 3507 875 3549 ne
885 3486 939 3549 filii
953 3484 997 3549 sui
1012 3485 1079 3568 post
1121 3524 1124 3533 ·

69 3568 150 3646 patris
164 3573 284 3633 obitum
305 3566 437 3635 indebite
462 3575 539 3635 inter
561 3573 589 3635 se
603 3572 798 3658 disceptarent
818 3574 939 3637 heredes
962 3574 1077 3637 heredi·

69 3656 163 3719 tariam
187 3657 310 3722 scribere
341 3660 497 3741 imperavit
517 3660 681 3743 epistolam,
704 3662 818 3744 inqua
839 3662 966 3745 &regui
988 3661 1078 3725 fitum

23 3784 25 3789 -
68 3741 197 3823 adquisrti
214 3748 244 3808 81
264 3762 372 3810 tertam
388 3746 518 3810 dividere
544 3750 620 3811 inter
639 3751 714 3812 filios
730 3747 963 3815 Eathelbaldum
973 3751 1002 3811 dt
1018 3752 1076 3811 Ea·

70 3826 252 3909 thelbertum,
273 3835 302 3897 δε
318 3836 443 3919 propriae
459 3835 630 3899 hereditatis
644 3839 720 3900 inter
737 3836 815 3899 filios
828 3836 857 3899 ἃ
872 3835 973 3912 filiam,
996 3838 1027 3897 dt
1045 3838 1076 3899 in

69 3918 245 4001 propinquos
261 3922 413 4003 pecuniam
429 3944 499 4005 quae
514 3921 684 4005 superesset:
708 3925 785 3987 inter
797 3924 975 3999 animam&
985 3922 1075 3999 filios,

70 4000 218 4071 &nobiles
234 4006 301 4071 suos
325 4008 496 4073 divisionem
522 4010 726 4077 ordinabiliter
745 4007 836 4073 literis
851 4012 992 4073 mandare
1007 4030 1075 4092 pro·

70 4092 184 4155 curavit.
219 4100 277 4159 Pro
296 4096 426 4161 utilitate
446 4118 576 4179 namque
590 4101 696 4161 animae
712 4095 780 4172 suae,
796 4118 890 4180 quam
903 4098 920 4160 al
935 4099 1079 4179 primaevo
1096 4095 1098 4098 ’

70 4170 121 4237 suae
134 4181 289 4259 juventutis
303 4184 375 4247 flore
389 4185 419 4247 in
430 4186 568 4252 omnibus
576 4204 735 4269 procurare
748 4186 873 4263 sluduit,
894 4204 1078 4270 peromnem

290 4328 501 4383 aMonarcblram
512 4332 567 4381 Ms.
602 4306 737 4396 ll'enfitut
748 4331 800 4379 MS.
1100 4346 1103 4353 ·

108 4387 188 4457 Vol..
203 4397 258 4462 Vl.
504 4414 505 4419 ’
586 4400 615 4481 K
962 4395 1078 4461 heredi·
