2942 4875
591 201 927 284 Enr'roars
980 212 1164 285 Nora

357 354 512 414 “licencia
530 352 735 432 refignacionis.
776 354 843 428 Qua
856 351 964 421 habita,
986 352 1172 429 &republica
1191 348 1250 411 s'oae
1270 352 1408 417 ecclesim'

359 437 447 492 “rite
467 435 597 511 resteque
617 433 757 511 disposita,
798 432 923 510 proceffit
943 432 1018 491 inira
1041 448 1147 509 paucos
1163 432 1225 491 dies
1245 437 1404 511 posserius,

359 519 381 549 ⁴⁸
395 514 463 570 licet
476 514 614 570 obstarent
627 532 679 590 pro
702 509 809 569 viribus
831 530 865 571 ac
884 511 1069 569 reclamarent
1083 511 1219 569 instanter
1238 518 1338 573 cnossi
1360 513 1405 574 sui

360 598 382 627 ‘⁶
397 592 505 658 fratres,
526 591 563 649 ad
575 594 667 651 aslum
680 590 889 669 resignacionis.
918 590 1033 649 Perusia
1046 590 1182 667 liquidem
1189 592 1406 670 resignatione,

361 679 383 708 “
396 676 423 729 sc
436 672 503 729 novi
516 668 672 730 successoris
685 669 826 729 eleccione
838 669 990 739 celebrata,
1010 670 1133 749 periexit
1146 670 1299 747 posterius,
1323 672 1405 732 sum·

362 756 385 784 ‘⁶
405 762 455 827 pta
468 750 543 828 prius
555 748 686 819 licencia,
707 750 743 807 ad
764 750 859 808 locum
873 748 914 807 sui
927 747 976 806 soli
989 747 1124 817 natalicii,
1148 763 1290 826 tanquam
1302 752 1340 809 ad
1357 752 1404 811 lo·
1459 792 1460 795 η

362 834 384 864 “
397 847 462 888 cum
476 832 547 887 alitis
558 829 609 886 fibi
619 827 803 898 saluberrimi,
824 827 922 907 ibique
935 846 985 905 per
994 842 1083 885 annos
1098 827 1250 905 permanfit
1259 830 1403 906 posserius
1459 866 1460 875 κ

361 914 383 944 “
397 927 455 967 non
468 927 585 983 paucos,
605 906 747 985 satisque·
761 908 859 965 deraro
872 908 1001 966 causante
1014 906 1170 965 successoris
1182 906 1399 985 ingratitudine
1459 924 1460 945 ³

361 992 384 1024 ⁴⁸
400 985 547 1045 svifituvit
559 987 659 1044 limina
676 988 830 1046 monasterii
844 986 895 1044 sui.
936 986 1025 1062 Cujus
1047 986 1248 1063 permansionis
1267 986 1303 1045 in
1321 1001 1400 1048 tem-

360 1074 383 1103 “
396 1066 513 1142 poribus
525 1065 686 1124 emendavit
704 1066 798 1124 locum
813 1065 917 1126 dissum
936 1068 967 1123 iu
978 1064 1062 1125 variis
1079 1079 1138 1123 tam
1152 1062 1184 1121 in
1195 1057 1398 1141 'reparaeioni-

361 1151 384 1182 “
398 1146 450 1202 bus
462 1162 546 1221 quam
560 1145 649 1202 eciam
664 1144 693 1201 in
703 1154 715 1182 ⁶
726 1144 990 1223 perqueficionibus‚
1011 1142 1254 1223 quemadmodum
1270 1148 1399 1224 expresse

360 1231 383 1298 ξ·
397 1223 461 1283 satis
471 1222 705 1283 demonstrabitur
717 1243 767 1303 per
778 1224 912 1303 parcellas
926 1221 974 1281 hic
987 1222 1149 1282 immediate
1157 1220 1374 1303 subsequentes.

775 1306 971 1381 Reparaciones.

393 1422 400 1439 .
441 1385 502 1443 “Ia
508 1381 682 1463 primisidem
691 1380 776 1441 abbas
785 1382 888 1441 eisdem
898 1383 928 1440 in
937 1380 1109 1460 temporibus
1119 1380 1394 1444 emendavitaulam

405 1468 426 1497 “
439 1463 545 1520 ibidem
556 1465 587 1520 in
597 1463 696 1530 variis;
718 1478 747 1521 ut
753 1466 828 1541 'puta
841 1461 870 1518 in
882 1462 1070 1540 tegulacione‚
1082 1462 1299 1533 senellracione,
1314 1480 1394 1522 erec·

256 1520 301 1567 α·
392 1549 426 1576 ““
439 1544 577 1619 cioneque
589 1561 744 1599 murorum.
784 1543 821 1599 Et
834 1541 909 1597 circa
926 1542 978 1599 has
990 1541 1206 1601 emendaciones
1227 1542 1391 1622 expendisse

406 1627 427 1656 ‘⁶
440 1622 528 1680 fertur
541 1622 614 1679 ultra
629 1621 766 1679 summam
780 1632 893 1679 centum
907 1617 1071 1679 solidorum.

445 1707 466 1737 ‘⁴
481 1702 547 1759 Item
558 1701 635 1759 idem
654 1699 742 1758 abbas
762 1697 865 1758 eisdem
885 1696 915 1756 in
934 1700 1107 1779 temporibus
1121 1698 1190 1758 fecit
1202 1698 1266 1760 fieri
1280 1698 1388 1760 ibidem

406 1788 425 1815 ‘⁴
438 1780 474 1839 de
484 1799 559 1839 novo
570 1798 711 1838 cameram
724 1777 868 1857 quandam
881 1778 1018 1855 pulcram,
1038 1786 1064 1837 δι
1075 1780 1137 1837 satis
1151 1780 1311 1850 honestam,
1325 1800 1389 1858 qua
1459 1840 1460 1855 ,

406 1868 425 1893 “
439 1861 565 1936 proxime
579 1862 690 1936 ponitur
700 1860 734 1917 ad
747 1857 892 1916 australem
904 1858 986 1917 finem
1000 1858 1071 1916 aulae
1084 1859 1174 1919 diua.
1206 1858 1299 1917 Circa
1310 1860 1389 1935 cujus
1459 1868 1460 1890 ¹

252 1875 284 1935 ῤ’
302 1891 355 1931 W'
406 1949 425 1972 ‘⁶
440 1939 577 1997 fassuram
597 1946 622 1997 ἃ
642 1938 872 2018 perornacionem
892 1936 965 1997 ultra
979 1937 1080 2017 viginti
1099 1956 1206 1997 marcas
1218 1937 1327 2017 legitur
1339 1958 1391 1997 ex·

406 2026 426 2053 ‘⁴
439 2017 574 2096 pendisse.

238 2070 240 2084 '
445 2103 467 2131 ιι
480 2100 545 2155 aaa
558 2096 634 2155 uem
649 2096 734 2155 ausas
754 2095 858 2156 eisdem
877 2094 907 2153 n
926 2096 1098 2177 temporibus
1119 2095 1185 2155 recu
1205 2095 1267 2157 serr
1281 2095 1389 2157 ibidem

253 2279 297 2344 xis
367 2113 402 2488 Ξ

406 2184 425 2223 s‘
438 2176 474 2235 de
487 2195 562 2235 novo
575 2176 717 2254 quandam
728 2195 845 2254 parvam
859 2176 1025 2254 capellulam
1035 2196 1098 2235 cum
1110 2174 1198 2234 studio
1211 2175 1293 2253 quod
1304 2176 1388 2234 inter·
1459 2190 1460 2199 ¹

290 2284 300 2299 ·
406 2255 1033 2332 “mediarinteripsamncameramdictam.
1063 2256 1148 2313 Circa
1160 2272 1284 2331 quorum
1297 2255 1388 2313 fassu-

299 2321 309 2340 ⁰
406 2345 425 2371 ‘⁶
438 2354 501 2475 liqui
516 2341 542 2393 sc
555 2333 749 2395 vitriaciouem
766 2334 924 2415 expendisse
946 2335 1035 2395 sertor·
1047 2334 1120 2393 ultra
1134 2333 1276 2393 summam
1291 2334 1388 2393 decem
1459 2322 1460 2355 ³

405 2423 427 2451 “
449 2434 459 2473 1
481 2430 581 2476 rarum.

442 2504 463 2532 “
477 2500 542 2557 Item
561 2496 638 2555 idem
652 2493 741 2554 abbas
759 2494 863 2555 eisdem
886 2495 916 2554 in
929 2491 1100 2574 temporibus
1114 2491 1183 2552 fecit
1200 2492 1260 2552 sieri
1278 2491 1386 2552 ibidem
1459 2495 1460 2564 ᾖ

215 2608 270 2667 '¹'l'
311 2606 320 2621 ·
406 2582 427 2609 “
438 2577 582 2654 quandam
595 2576 631 2634 de
644 2595 719 2633 novo
732 2593 850 2652 parvam
866 2576 1019 2652 coquinam
1032 2594 1097 2632 cum
1121 2573 1235 2634 camino
1249 2573 1286 2630 de
1300 2573 1386 2631 latere

257 2634 276 2668 ¹‘
335 2650 344 2667 ⁸
405 2662 426 2691 “
441 2657 521 2714 cosso
532 2655 686 2732 pertinente
696 2655 732 2713 ad
743 2654 873 2716 eandem.
912 2655 949 2714 Et
959 2653 1034 2714 circa
1045 2653 1183 2713 sessuram
1194 2651 1386 2730 illiusexpeu·
1459 2673 1460 2712 u

309 2731 318 2748 ⁸
405 2741 426 2770 ‘⁴
439 2735 505 2793 disse
515 2733 603 2792 fertur
615 2736 741 2812 quinque
751 2751 869 2792 marcas.
1347 2790 1349 2798 ,
1459 2743 1460 2752 ’

444 2821 464 2867 3¹
477 2815 542 2874 Item
554 2814 630 2872 idem
641 2813 728 2872 aubas
748 2811 851 2871 eisdem
864 2811 895 2870 in
915 2811 1087 2890 temporibus
1108 2809 1175 2870 secie
1195 2811 1256 2869 sieri
1277 2809 1385 2871 ibidem
1459 2805 1460 2840 ³

406 2894 580 2972 “quandam
600 2892 717 2951 domum
736 2892 864 2970 longam,
883 2911 946 2970 quae
966 2892 1080 2969 ponitur
1093 2889 1184 2948 versus
1202 2891 1336 2958 boream,
1356 2895 1382 2948 dc
1459 2889 1460 2962 ξ

295 2993 312 3050 '.
405 2981 423 3007 ‘⁶
437 2974 509 3031 inter
522 2972 534 3009 ὖ
547 2973 660 3029 officina
680 2971 735 3028 alia
757 2969 877 3028 deservit
899 2963 1027 3047 proxime
1048 2968 1232 3047 pandoxatori
1257 2970 1294 3026 ad
1315 2987 1386 3046 pan·

406 3058 425 3086 “
440 3051 611 3110 doxandum.
650 3051 686 3106 Et
699 3052 774 3107 circa
784 3049 921 3108 sasimam
932 3049 1032 3108 domus
1042 3049 1117 3106 illius
1127 3049 1288 3128 expendisse
1299 3048 1385 3106 fertur
1459 3051 1460 3054 ’

404 3136 424 3164 “
718 3129 802 3187 'ras
1253 3162 1256 3170 ι

437 3129 746 3269 pliqqqaiqeqchnbiblarp
752 3205 854 3266 eisdem
878 3207 907 3265 in
926 3205 1099 3285 temporibus
1112 3205 1179 3265 fecit
1195 3204 1257 3264 fieri
1277 3205 1385 3266 ibidem
1459 3257 1460 3262 ,

404 3297 423 3325 “
437 3305 545 3368 portam
555 3287 634 3346 illam
649 3306 711 3364 quae
724 3288 853 3362 proxime
867 3288 917 3345 slat
938 3290 967 3346 in
989 3288 1103 3344 introitu
1124 3305 1159 3342 ex
1173 3282 1383 3362 opposito'con-

405 3377 423 3402 “
437 3385 482 3429 tra
492 3371 597 3426 aulam.
611 3367 686 3425 circa
698 3365 835 3425 sassuram
852 3365 931 3444 cujus
944 3365 1096 3445 exposuisse
1111 3363 1199 3422 fertur
1212 3367 1243 3422 in
1259 3367 1384 3444 pecuniis
1459 3389 1460 3400 ¹

404 3456 424 3483 “
438 3448 509 3505 ultra
519 3450 583 3505 osso
597 3461 716 3503 marcas.

197 3209 398 3510 cuss.viiia{

441 3534 461 3560 ¹⁴
474 3529 538 3585 Item
547 3526 621 3584 idern
633 3526 720 3582 abbas
743 3524 846 3582 eisdem
870 3523 899 3582 in
913 3521 1085 3602 temporibus
1108 3520 1175 3580 fecit
1198 3521 1258 3579 fieri
1272 3521 1378 3583 ibidem
1459 3571 1460 3593 ,

273 3660 281 3675 ,
300 3662 307 3679 ,
404 3613 472 3664 “ex
485 3606 606 3682 antiquis
625 3602 775 3661 domorum
797 3604 1012 3661 collectionibus
1037 3621 1123 3659 uuum
1142 3620 1260 3678 parvum
1275 3601 1381 3660 colum·
1459 3621 1460 3668 ς

365 3530 423 3840 ἱ*
437 3685 513 3744 bare.
557 3685 642 3741 Circa
654 3682 732 3759 cujus
745 3683 883 3742 sessuram
903 3683 974 3742 ultra
995 3680 1132 3742 summam
1147 3683 1230 3738 trium
1243 3681 1381 3741 librarum
1459 3681 1460 3764 J

404 3761 710 3842 “legiturexposuilser
1459 3771 1460 3826 i

439 3853 458 3880 ⁴⁶
475 3845 540 3902 Item
554 3842 628 3900 idem
640 3827 833 3898 abbaseisdem
844 3841 872 3898 in
883 3837 1056 3916 temporibus
1065 3838 1124 3916 pari
1133 3837 1225 3895 forma
1235 3837 1296 3898 fieri
1314 3839 1379 3900 fecit
1459 3875 1460 3912 p

296 3983 303 3997 ,
402 3923 538 3981 “ibidem
554 3941 636 3978 unam
661 3921 774 3977 alteram
788 3919 916 3986 domum,
937 3938 1000 3994 quae
1014 3921 1127 3994 ponitur
1140 3915 1232 3974 versus
1248 3919 1378 3990 austrum,
1459 3943 1460 4008 q

303 4019 311 4039 ·
402 4012 421 4037 ‘⁸
437 4000 598 4078 &proxime
612 3998 731 4056 deservit
749 3999 784 4055 ad
799 3999 918 4055 brasium
933 3997 1153 4055 custodiendum.
1193 3995 1230 4054 Et
1248 3998 1352 4056 circas
1368 4034 1379 4050 ·
1459 4023 1460 4032 ¹

401 4089 423 4118 ‘⁶
437 4085 544 4140 dluram
556 4078 630 4135 illius
644 4077 794 4156 exposuisse
806 4077 890 4136 fertur
905 4076 975 4135 ultra
988 4076 1035 4134 sex
1045 4094 1161 4134 marcas.
1459 4109 1460 4162 q

376 4216 403 4276 ιι
419 4198 464 4251 Sic.
497 4194 721 4249 bviuriuvitMs
754 4193 825 4246 estc.
859 4189 960 4244 risseio
974 4193 1026 4245 Cocl.
1047 4192 1108 4244 MS.
1121 4192 1151 4246 F.
1164 4181 1343 4318 officinus'alsqs.
1457 4175 1460 4242 s

524 4316 528 4323 .
643 4272 646 4280 ’
708 4284 710 4287 ·
1276 4267 1296 4292 “
1325 4275 1372 4320 trra
1459 4269 1460 4290 ³
