2942 4875
587 292 920 355 Enrronrs
979 294 1161 357 Norat

361 423 425 486 usur
437 422 474 481 est
488 420 640 481 Lelandur.
673 422 822 500 Perpetam
838 436 944 479 tamen.
978 421 1035 479 Sed
1049 424 1144 481 austor
1157 420 1251 483 forsan
1265 422 1399 483 femineo

361 522 464 585 genere
475 500 537 560 usus
550 500 645 570 suerit,
665 501 802 579 quoniam
821 498 856 559 de
873 500 1043 559 monialibus
1063 502 1167 580 agitur.
1209 502 1257 563 sic
1277 509 1305 562 dt
1322 504 1397 563 alibi

361 583 463 645 mediis
474 579 547 639 hisce
557 581 663 641 seculis.

402 663 432 721 P.
447 665 492 719 18.
501 662 520 718 l.
532 680 561 734 4.
586 663 619 719 In
631 660 694 721 urbe
708 660 895 737 Morinorum]
915 658 1070 739 Qrodnam
1079 642 1294 723 autem'nonten
1307 664 1395 742 hujus

363 743 440 800 orbis
454 740 537 799 suerit
549 740 578 796 id
600 740 665 798 sane
686 758 748 803 non¹
765 742 882 817 protulit
900 758 1058 817 anonymus
1072 743 1169 801 auster
1182 744 1286 801 noster.
1329 744 1397 805 Nee

363 820 478 897 quidem
501 820 591 877 edidit
611 820 749 878 Woodiua
770 824 800 876 in
815 820 1018 897 Antiquatibus
1039 822 1259 892 Oxoniensrbus,
1295 836 1396 903 utpote

364 903 414 979 qui
428 901 457 957 in
469 900 584 967 chattis,
604 919 673 975 quas
684 896 802 957 studiose
814 902 969 966 evolverat,
990 918 1046 957 non
1057 902 1168 977 reperit.

404 981 435 1037 P.
448 997 495 1036 20.
510 978 530 1037 l.
546 995 591 1053 κς.
605 978 756 1051 Matricae.]
778 978 845 1035 Vox
857 980 906 1036 ista
917 997 974 1035 non
989 978 1067 1045 alibi,
1077 980 1155 1057 qnod
1169 980 1286 1058 quidem
1296 980 1396 1054 sciam,

364 1061 461 1118 exstat.
501 1058 538 1129 Et
552 1074 647 1127 tamen
661 1059 700 1115 ita
723 1059 798 1116 clare
818 1058 846 1115 in
871 1059 938 1116 MS.
960 1071 991 1115 ut
1005 1057 1140 1117 adimam
1155 1062 1269 1139 paginae
1282 1078 1396 1140 partem

364 1139 474 1198 monui.
496 1139 646 1195 Marricula
653 1138 791 1196 crebroin
806 1137 906 1195 mediae
914 1136 1101 1215 Antiquitatis
1111 1138 1307 1217 scriptoribus.
1324 1141 1391 1200 Ata

256 1258 261 1269 .
365 1235 476 1278 matrrcc
489 1216 559 1274 illud
568 1217 707 1295 originem
722 1217 826 1274 ducere
839 1224 936 1274 notant
954 1218 1054 1275 critici.
1095 1218 1173 1293 Quid
1187 1219 1207 1277 st
1221 1241 1291 1279 vero
1305 1223 1395 1279 etiam

367 1296 385 1357 el
399 1302 543 1358 metrica?
565 1312 595 1354 ut
609 1302 743 1375 nempe&
756 1304 869 1357 metrica
879 1288 1037 1357 srtvetbum
1046 1298 1114 1357 item
1126 1300 1293 1372 barbarum,
1309 1308 1336 1360 δε
1348 1301 1396 1359 hic

367 1378 425 1436 loci
439 1380 513 1434 idem
526 1376 620 1433 valeat
631 1376 709 1453 quod
724 1376 782 1453 ipsa
795 1383 917 1435 matrim·
1060 1382 1063 1387 '

407 1458 438 1517 P.
454 1474 502 1531 ²3·
517 1454 595 1513 l.16.
611 1455 797 1531 otthobonus]
814 1455 1044 1515 sicinMsnlii
1055 1468 1149 1516 tamen
1160 1458 1396 1519 otthobonusuni·

366 1556 401 1596 ca
415 1554 485 1595 voce
498 1536 570 1592 sorte
584 1532 749 1613 scripserint.
781 1572 787 1582 ·

378 1652 382 1658 ·
408 1617 439 1675 P.
452 1617 498 1674 26.
509 1617 528 1673 l.
539 1614 588 1672 28.
603 1616 715 1694 Ecclefia
724 1616 824 1672 Wilton
831 1614 865 1671 ab
874 1614 1001 1691 Editha]
1016 1618 1101 1677 Error
1111 1618 1139 1675 in
1152 1618 1282 1696 margine
1292 1616 1395 1694 scripsit

370 1696 526 1763 Lelandus,
546 1696 687 1752 austorem
702 1693 753 1751 hic
767 1693 822 1750 loti
835 1693 940 1772 lapsum
955 1695 1008 1753 esse
1027 1694 1218 1757 subindicant.
1255 1699 1395 1755 Bnrtonus

367 1774 538 1832 itemhaesrt.
579 1774 656 1831 Nam
670 1792 737 1832 mox
750 1773 807 1849 poll
819 1797 893 1833 error
911 1772 1043 1853 posuitq?
1069 1775 1223 1853 Quodnam
1245 1788 1342 1834 autem
1356 1795 1395 1833 te-

368 1855 532 1931 ponendnm
554 1854 636 1911 fuerit
655 1868 752 1913 neuter
772 1852 877 1911 docuit.
918 1856 1023 1931 Neque
1050 1853 1139 1931 liquet
1161 1854 1178 1914 ὲ
1199 1854 1315 1913 duobus
1337 1856 1394 1912 aliis
1460 1890 1461 1909 r

369 1933 464 1992 Codd.
481 1935 529 2009 (de
542 1932 727 1992 Ecclestarum
740 1932 904 1992 fundatione
915 1932 1077 2013 agentibus)
1101 1934 1131 1991 in
1145 1933 1220 1991 Bibl.
1232 1935 1318 1992 Bodl.
1330 1934 1392 1992 NE.

369 2013 406 2069 E.
421 2030 448 2070 z.
471 2014 616 2088 17.Drgb.
633 2017 700 2090 196.
741 2012 841 2069 Lento
856 2028 950 2072 tamen
958 2030 1025 2070 vera
1036 2012 1119 2071 facile
1126 2013 1189 2073 elici
1200 2014 1291 2092 potest
1302 2014 1320 2073 ὲ
1331 2013 1393 2071 Μο-

369 2092 660 2168 nallieoAnglicano.
952 2124 955 2131 ·
1036 2100 1038 2107 '

411 2171 442 2228 P.
453 2189 498 2245 27.
509 2170 528 2227 l.
541 2188 585 2227 ro.
602 2170 644 2227 De
654 2168 726 2246 Shis]
739 2169 785 2227 Sic
794 2168 879 2237 edidi,
892 2188 947 2227 non
956 2172 1045 2243 defluis,
1060 2171 1145 2230 unica
1156 2188 1238 2236 voce,
1248 2185 1281 2228 ut
1291 2171 1321 2229 in
1331 2170 1393 2231 Ms.
1460 2192 1461 2217 i

410 2249 442 2308 P.
459 2250 536 2326 29.1.
548 2269 575 2310 2.
597 2248 961 2327 NigrorumMonacborum]
985 2250 1031 2309 Sic
1052 2251 1191 2308 Bnrtonus
1205 2269 1273 2308 eum
1294 2253 1348 2309 hoc
1365 2251 1392 2308 in

372 2328 449 2396 loco,
470 2348 529 2388 turn
554 2331 582 2387 in
596 2330 737 2407 Catalogo
751 2329 912 2388 Domorum
927 2328 1131 2405 Religiosarnm
1147 2327 1164 2389 al
1179 2331 1295 2407 Speedo
1310 2331 1392 2389 editu.

372 2410 427 2467 Sed
451 2412 536 2478 male,
565 2425 596 2468 ut
612 2409 737 2469 ¹videtur.
785 2410 831 2466 nd
848 2408 1118 2468 Praemonstratenser
1139 2410 1216 2468 enim
1238 2411 1394 2487 pertinuisse

372 2490 600 2549 notiruntetiam
617 2487 1191 2566 MonassieiAnglicnniconsarcinatores.
1231 2491 1302 2550 Ibin
1318 2489 1394 2551 l.ro.
1460 2497 1461 2552 l

371 2585 402 2627 nr
411 2568 496 2628 libera
503 2571 555 2644 fit]
568 2572 682 2627 Genere
692 2569 830 2625 feminino
841 2567 966 2643 protulit,
979 2565 1013 2625 εό
1027 2567 1105 2645 quod
1114 2567 1290 2647 episcopium
1301 2572 1394 2649 sitiplt
1460 2559 1461 2632 Ῐ

373 2649 488 2706 ecclesra
499 2650 678 2715 cathedralis,
699 2645 753 2704 nte
766 2646 944 2706 Du-Fresnio
957 2649 1074 2706 constat.
1460 2703 1461 2706 ,

413 2730 444 2784 P.
457 2747 503 2803 30.
520 2730 601 2803 l.r3.
622 2725 749 2804 Olivero]
778 2727 823 2784 Sic
838 2727 925 2784 edidi.
960 2726 1024 2786 Nec
1046 2725 1125 2786 aliter
1146 2725 1178 2784 in
1201 2727 1288 2788 Mon.
1311 2728 1395 2809 Angl.
1460 2717 1461 2786 l

372 2809 484 2866 orion
497 2823 589 2864 tamen
602 2807 631 2864 in
645 2809 709 2864 MS.
724 2809 823 2864 nostro.
838 2819 977 2882 corrupte.

412 2888 496 2961 P.42.
508 2887 527 2944 l.
540 2907 547 2941 r
559 2905 581 2944 t.
593 2887 628 2946 ὅ
638 2888 744 2944 Nicolai
745 2885 817 2962 filii]
833 2885 915 2942 Sicin
924 2885 1095 2946 MSmostro
1111 2887 1396 2968 Malimtamenfilio.'
1460 2897 1461 2914 ¹

374 2969 570 3042 rumprofilii.
598 2965 726 3022 Itaenim
742 2969 771 3021 in
785 2969 865 3022 Mon.
879 2964 969 3042 Angl.
997 2965 1394 3046 Ibid.l.3o.Henriciprimi.]
1460 3025 1461 3032 ,

372 3045 492 3102 Lineam
502 3048 661 3120 perHenrici
670 3044 781 3101 dunum
789 3043 935 3108 habemns,
946 3042 1054 3102 lemano
1062 3044 1166 3104 scilicet
1176 3047 1260 3123 ipsius
1269 3049 1397 3111 Lelaudi.

413 3125 443 3181 P.
454 3142 498 3196 ςο.
514 3126 531 3182 l.
547 3124 654 3200 penult.
677 3125 829 3202 Radulphus
847 3122 935 3198 Baro]
966 3124 1022 3181 Sex
1035 3125 1137 3203 punsta
1152 3123 1268 3184 subistis
1283 3129 1395 3187 vocibus
1460 3125 1461 3198 l

369 3202 462 3278 posuit
477 3204 629 3261 Lelandut.
856 3247 860 3249 -
1460 3265 1461 3268 ,

413 3283 444 3342 Ρ.
457 3300 471 3358 ς
478 3303 492 3361 5
519 3283 536 3338 l.
554 3302 599 3343 to.
614 3285 714 3342 Fanum
725 3281 846 3360 Albani]
867 3281 1015 3340 Nonnulla
1025 3281 1081 3346 hoc
1095 3283 1131 3340 ad
1146 3283 1244 3344 fanum
1256 3287 1395 3364 pertinen·
1460 3307 1461 3358 Τ

375 3362 416 3422 tia
436 3364 464 3419 in
487 3363 595 3421 Codice
616 3363 797 3420 membraneo
826 3361 917 3440 reperi
949 3381 1059 3420 mecum
1082 3364 1118 3420 ab
1143 3367 1308 3425 amicissimo
1329 3367 1395 3425 Viro
1460 3429 1461 3434 1

369 3443 497 3499 Tironi.
512 3444 734 3501 Rnwtrnsono
749 3443 966 3499 communicata.
1008 3443 1081 3518 Qae
1104 3447 1229 3520 quumad
1244 3447 1395 3504 institutum

371 3523 493 3578 nostrum
508 3521 733 3599 planespestent,
754 3523 866 3598 propria
880 3541 964 3580 manu
975 3521 1102 3600 exscripsi
1115 3529 1141 3582 δι
1155 3523 1302 3602 subjunxi,
1316 3527 1394 3584 venia

372 3603 449 3678 prius
463 3600 480 3659 ὲ
494 3604 529 3658 cl.
542 3601 683 3679 possessore
697 3602 854 3677 impetrata.
1091 3652 1096 3672 ι

372 3681 500 3757 Procrffiis
509 3683 645 3740 declarans
646 3686 765 3757 formam
773 3680 807 3742 &
813 3682 910 3738 modum
920 3673 1009 3756 quibus
1016 3680 1165 3741 Manerium
1173 3685 1202 3740 de
1212 3683 1395 3763 Makereyende

410 3777 496 3816 orrum
509 3761 633 3828 habebat,
654 3759 689 3820 δ’
701 3765 821 3826 inicium,
832 3762 957 3836 suamque
966 3764 1125 3838 primariam
1138 3768 1350 3839 originationem.

410 3848 431 3874 ‘⁶
446 3838 488 3895 Ut
498 3838 662 3915 discantqui
676 3837 780 3896 discere
794 3838 912 3915 cupiunt
924 3857 1021 3897 omnes
1036 3847 1062 3897 nr
1072 3841 1182 3916 singuli,
1203 3842 1284 3898 &hii
1300 3843 1395 3922 praeti-

371 3927 398 3954 “·
409 3918 463 3994 pne
472 3920 520 3994 qui
534 3917 615 3987 sunt,=
625 3917 671 3975 seu
682 3917 768 3975 futuri
783 3933 874 3985 erunt,
888 3917 924 3974 de
935 3917 1024 3994 stirpe,
1039 3939 1150 3998 genere,
1165 3919 1210 3977 sen
1221 3926 1395 3998 cognatione

370 4007 390 4032 ‘⁴
408 3997 529 4076 magistri
543 3995 914 4076 JohannirWhethamsled‚
929 3999 997 4056 alias
1006 3997 1073 4056 dicti
1086 3999 1198 4066 Boslolr,
1208 3999 1279 4058 olim
1287 4003 1394 4060 abbatie
1460 4009 1461 4020 ¹

370 4086 390 4111 “
406 4079 562 4136 monasterii
585 4077 668 4136 sansll
684 4076 800 4146 Albani,
823 4076 924 4156 quibus
945 4075 1038 4136 forma
1061 4084 1086 4134 δι
1102 4080 1187 4136 modo
1200 4079 1323 4156 simplex
1338 4102 1393 4140 me-

369 4165 390 4192 ⁴⁴
406 4156 529 4234 snagiurn
545 4158 580 4214 de
592 4155 803 4232 Maltereyende
813 4157 901 4216 crevit
914 4156 1005 4236 primo
1014 4158 1043 4216 in
1054 4157 1221 4222 manerium,
1233 4157 1394 4238 fastumque

369 4245 389 4273 “
405 4236 496 4297 suerat
509 4237 543 4295 de
557 4239 652 4296 lacero
664 4241 689 4294 δε
701 4235 814 4295 ruinoso
822 4237 970 4298 domicilio
980 4234 1044 4297 satis
1057 4236 1216 4316 sollempnis
1226 4241 1336 4298 mansio
1346 4259 1392 4318 pro

396 4329 401 4352 r
1292 4327 1314 4352 tt
1330 4337 1394 4398 quo.
